@inproceedings{debusmann-EtAl:2004:COLING,
  author    = {Debusmann, Ralph  and  Duchier, Denys  and  Koller, Alexander  and  Kuhlmann, Marco  and  Smolka, Gert  and  Thater, Stefan},
  title     = {A Relational Syntax-Semantics Interface Based on Dependency Grammar },
  booktitle = {Proceedings of Coling 2004 },
  editor = {},
  year      = 2004,
  month     = {Aug 23--Aug 27},
  address   = {Geneva, Switzerland},
  publisher = {COLING},
  pages     = {176--182}
}
@InProceedings{gasser:2011:FreeRBMT,
  author    = {Michael Gasser},
  title     = {Toward Synchronous Extensible Dependency Grammar},
  booktitle = {Second International Workshop on Free/Open-SourceRule-Based Machine Translation},
  month     = {January},
  year      = {2011},
  address   = {Barcelona, Spain},
  publisher = {Universitat Oberta de Catalunya},
  pages     = {3--10}
}
