@INPROCEEDINGS{Brown91word-sensedisambiguation,
    author = {Peter F. Brown and Vincent J. Della Pietra and Vincent J. Della Pietra and Robert L. Mercer},
    title = {Word-Sense Disambiguation Using Statistical Methods},
    booktitle = {In Proceedings of the 29th Annual Meeting of the Association for Computational Linguistics},
    year = {1991},
    pages = {264--270}
}

@BOOK{koehnbook,
 author = {Philipp Koehn},
 title = {Statistical Machine Translation},
 publisher = {Cambridge University Press},
 year = {2010}
 }

@book{nltkbook, 
  author = {Steven Bird and Ewan Klein and Edward Loper}, 
  title = {{Natural Language Processing with Python}}, 
  publisher = {O'Reilly Media}, 
  year = 2009 
} 

@inproceedings{monson06,
  title = {{Building NLP Systems For Two Resource-Scarce Indigenous Languages: Mapudungun and Quechua}},
  author = {Christian Monson and Ariadna Font Llitjos and Roberto Aranovich and Lori Levin and Ralf Brown and Eric Peterson and Jaime Carbonell and Alon Lavie},
  booktitle = {SALTMIL Workshop on Minority Languages: Strategies for Developing Machine Translation for Minority Languages},
  year = 2006,
}

@inproceedings{Briscoe:1997:AES:974557.974609,
 author = {Ted Briscoe and John Carroll},
 title = {Automatic extraction of subcategorization from corpora},
 booktitle = {Proceedings of the fifth conference on Applied natural language processing},
 series = {ANLC '97},
 year = {1997},
 location = {Washington, DC},
 pages = {356--363},
 numpages = {8},
 url = {http://dx.doi.org/10.3115/974557.974609},
 publisher = {Association for Computational Linguistics},
 address = {Stroudsburg, PA, USA},
} 

@article{DBLP:journals/lre/Debowski09,
  author    = {Lukasz Debowski},
  title     = {Valence extraction using EM selection and co-occurrence
               matrices},
  journal   = {Language Resources and Evaluation},
  volume    = {43},
  number    = {4},
  year      = {2009},
  pages     = {301-327},
  ee        = {http://dx.doi.org/10.1007/s10579-009-9100-5},
  bibsource = {DBLP, http://dblp.uni-trier.de}
}

@article{gahl,
   author = {Gahl, Susanne and Jurafsky, Dan and Roland, Douglas},
   affiliation = {University of Illinois at Urbana-Champaign, Urbana, Illinois},
   title = {Verb subcategorization frequencies: American English corpus data, methodological studies, and cross-corpus comparisons},
   journal = {Behavior Research Methods},
   publisher = {Springer New York},
   issn = {1554-351X},
   keyword = {Psychology},
   pages = {432-443},
   volume = {36},
   issue = {3},
   url = {http://dx.doi.org/10.3758/BF03195591},
   note = {10.3758/BF03195591},
   year = {2004}
}

@misc{gasser:antimorfo,
  author = {Michael Gasser},
  title = {{Antimorfo morphological analyzer for Quechua}},
  url = {http://www.cs.indiana.edu/~gasser/software.html},
  year = 2010,
}

@inproceedings{gasser:sxdg,
  author = {Michael Gasser},
  title = {{Towards synchronous Extensible Dependency Grammar}},
  booktitle = {International Workshop on Free/Open-Source Rule-Based Machine Translation},
  year = 2011,
}

@InProceedings{maletti:2011:ACL-HLT2011,
  author    = {Maletti, Andreas},
  title     = {How to train your multi bottom-up tree transducer},
  booktitle = {Proceedings of the 49th Annual Meeting of the Association for Computational Linguistics: Human Language Technologies},
  month     = {June},
  year      = {2011},
  address   = {Portland, Oregon, USA},
  publisher = {Association for Computational Linguistics},
  pages     = {825--834},
  url       = {http://www.aclweb.org/anthology/P11-1083}
}

@InProceedings{yamada-knight:2001:ACL,
  author    = {Kenji Yamada  and  Kevin Knight},
  title     = {A Syntax-based Statistical Translation Model},
  booktitle = {Proceedings of 39th Annual Meeting of the Association for Computational Linguistics},
  month     = {July},
  year      = {2001},
  address   = {Toulouse, France},
  publisher = {Association for Computational Linguistics},
  pages     = {523--530},
  url       = {http://www.aclweb.org/anthology/P01-1067},
  doi       = {10.3115/1073012.1073079}
}

@InProceedings{maletti:2010:ACL,
  author    = {Maletti, Andreas},
  title     = {A Tree Transducer Model for Synchronous Tree-Adjoining Grammars},
  booktitle = {Proceedings of the 48th Annual Meeting of the Association for Computational Linguistics},
  month     = {July},
  year      = {2010},
  address   = {Uppsala, Sweden},
  publisher = {Association for Computational Linguistics},
  pages     = {1067--1076},
  url       = {http://www.aclweb.org/anthology/P10-1109}
}

@inproceedings{Shieber:2006:UST,
  address = {Trento, Italy},
  author = {Stuart M. Shieber},
  booktitle = {Proceedings of the 11th Conference of the European Chapter of the Association for Computational Linguistics ({EACL}-06)},
  dash = {http://nrs.harvard.edu/urn-3:HUL.InstRepos:2252609},
  date-added = {2006-01-31 13:16:13 -0500},
  date-modified = {2006-01-31 13:16:13 -0500},
  definitive = {http://www.aclweb.org/anthology-new/E/E06/E06-1048.pdf},
  localpdf = {http://www.eecs.harvard.edu/~shieber/Biblio/Papers/stag-bimorphism.pdf},
  month = {3--7 April},
  title = {Unifying Synchronous Tree-Adjoining Grammars and Tree Transducers via Bimorphisms},
  year = {2006},
  bdsk-url-1 = {http://www.aclweb.org/anthology-new/E/E06/E06-1048.pdf}
}

@inproceedings{Shieber:2004:SGT,
  address = {Vancouver, Canada},
  author = {Stuart M. Shieber},
  booktitle = {Proceedings of the Seventh International Workshop on Tree Adjoining Grammar and Related Formalisms (TAG+ 7)},
  dash = {http://nrs.harvard.edu/urn-3:HUL.InstRepos:2019322},
  definitive = {http://www.cs.rutgers.edu/TAG+7/papers/shieber.pdf},
  localpdf = {http://www.eecs.harvard.edu/~shieber/Biblio/Papers/shieber-04-stsg-distrib.pdf},
  month = {May 20-22},
  selected = yes,
  title = {Synchronous Grammars as Tree Transducers},
  year = {2004},
  bdsk-url-1 = {http://www.cs.rutgers.edu/TAG+7/papers/shieber.pdf}
}

@inproceedings{galley-EtAl:2004:HLTNAACL,
  author    = {Galley, Michel  and  Hopkins, Mark  and  Knight, Kevin  and  Marcu, Daniel},
  title     = {What's in a translation rule?},
  booktitle = {HLT-NAACL 2004: Main Proceedings },
  editor = {Susan Dumais, Daniel Marcu and Salim Roukos},
  year      = 2004,
  month     = {May 2 - May 7},
  address   = {Boston, Massachusetts, USA},
  publisher = {Association for Computational Linguistics},
  pages     = {273--280}
}

@article{DBLP:journals/coling/Dorr94,
  author    = {Bonnie J. Dorr},
  title     = {Machine Translation Divergences: A Formal Description and Proposed Solution},
  journal   = {Computational Linguistics},
  volume    = {20},
  number    = {4},
  year      = {1994},
  pages     = {597-633},
  bibsource = {DBLP, http://dblp.uni-trier.de}
}

@article{DBLP:journals/coling/GraehlKM08,
  author    = {Jonathan Graehl and
               Kevin Knight and
               Jonathan May},
  title     = {Training Tree Transducers},
  journal   = {Computational Linguistics},
  volume    = {34},
  number    = {3},
  year      = {2008},
  pages     = {391-427},
  ee        = {http://dx.doi.org/10.1162/coli.2008.07-051-R2-03-57},
  bibsource = {DBLP, http://dblp.uni-trier.de}
}

@InProceedings{eisner:2003:ACL-companion,
  author    = {Jason Eisner},
  title     = {Learning Non-Isomorphic Tree Mappings for Machine Translation},
  booktitle = {The Companion Volume to the Proceedings of 41st Annual Meeting of the Association for Computational Linguistics},
  month     = {July},
  year      = {2003},
  address   = {Sapporo, Japan},
  publisher = {Association for Computational Linguistics},
  pages     = {205--208},
  url       = {http://www.aclweb.org/anthology/P03-2039},
  doi       = {10.3115/1075178.1075217}
}

@inproceedings{DBLP:conf/amta/KnightA98,
  author    = {Kevin Knight and Yaser Al-Onaizan},
  title     = {Translation with Finite-State Devices},
  booktitle = {AMTA},
  year      = {1998},
  pages     = {421-437},
  ee        = {http://dx.doi.org/10.1007/3-540-49478-2_38},
  crossref  = {DBLP:conf/amta/1998},
  bibsource = {DBLP, http://dblp.uni-trier.de}
}

@proceedings{DBLP:conf/amta/1998,
  editor    = {David Farwell and
               Laurie Gerber and
               Eduard H. Hovy},
  title     = {Machine Translation and the Information Soup, Third Conference
               of the Association for Machine Translation in the Americas,
               AMTA '98, Langhorne, PA, USA, October 28-31, 1998, Proceedings},
  booktitle = {AMTA},
  publisher = {Springer},
  series    = {Lecture Notes in Computer Science},
  volume    = {1529},
  year      = {1998},
  isbn      = {3-540-65259-0},
  bibsource = {DBLP, http://dblp.uni-trier.de}
}

@misc{citeulike:2605787,
    author = {Chiang, David},
    booktitle = {Tutorial given at ACL 2006},
    citeulike-article-id = {2605787},
    citeulike-linkout-0 = {http://www.isi.edu/\~{}chiang/papers/synchtut.pdf},
    institution = {Information Sciences Institute},
    keywords = {grammar, synchronous-grammar},
    year = {2006},
    posted-at = {2008-03-28 10:37:11},
    priority = {0},
    title = {{An introduction to synchronous grammars}},
    url = {http://www.isi.edu/\~{}chiang/papers/synchtut.pdf}
}

@inproceedings{Maletti:2010:WST:1857999.1858129,
 author = {Maletti, Andreas},
 title = {Why synchronous tree substitution grammars?},
 booktitle = {Human Language Technologies: The 2010 Annual Conference of the North American Chapter of the Association for Computational Linguistics},
 series = {HLT '10},
 year = {2010},
 isbn = {1-932432-65-5},
 location = {Los Angeles, California},
 pages = {876--884},
 numpages = {9},
 url = {http://dl.acm.org/citation.cfm?id=1857999.1858129},
 acmid = {1858129},
 publisher = {Association for Computational Linguistics},
 address = {Stroudsburg, PA, USA},
} 

@incollection{KnightGraehlOverview,
   author = {Knight, Kevin and Graehl, Jonathan},
   affiliation = {Information Sciences Institute (ISI) and Computer Science Department, University of Southern California},
   title = {An Overview of Probabilistic Tree Transducers for Natural Language Processing},
   booktitle = {Computational Linguistics and Intelligent Text Processing},
   series = {Lecture Notes in Computer Science},
   editor = {Gelbukh, Alexander},
   publisher = {Springer Berlin / Heidelberg},
   isbn = {978-3-540-24523-0},
   keyword = {Computer Science},
   pages = {1-24},
   volume = {3406},
   year = {2005}
}

@InProceedings{ding-palmer:2005:ACL,
  author    = {Ding, Yuan  and  Palmer, Martha},
  title     = {Machine Translation Using Probabilistic Synchronous Dependency Insertion Grammars},
  booktitle = {Proceedings of the 43rd Annual Meeting of the Association for Computational Linguistics (ACL'05)},
  month     = {June},
  year      = {2005},
  address   = {Ann Arbor, Michigan},
  publisher = {Association for Computational Linguistics},
  pages     = {541--548},
  url       = {http://www.aclweb.org/anthology/P05-1067},
  doi       = {10.3115/1219840.1219907}
}

@inproceedings{ding-palmer:2004:COLING,
  author    = {Ding, Yuan  and  Palmer, Martha},
  title     = {Synchronous Dependency Insertion Grammars: A Grammar Formalism for Syntax Based Statistical MT},
  booktitle = {COLING 2004 Recent Advances in Dependency Grammar },
  editor = {Geert-Jan M. Kruijff  and Denys Duchier},
  year      = 2004,
  month     = {August 28},
  address   = {Geneva, Switzerland},
  publisher = {COLING},
  pages     = {90--97}
}

@article{DBLP:journals/coling/BrownPPM94,
  author    = {Peter F. Brown and
               Stephen Della Pietra and
               Vincent J. Della Pietra and
               Robert L. Mercer},
  title     = {The Mathematics of Statistical Machine Translation: Parameter
               Estimation},
  journal   = {Computational Linguistics},
  volume    = {19},
  number    = {2},
  year      = {1993},
  pages     = {263-311},
  bibsource = {DBLP, http://dblp.uni-trier.de}
}

@InProceedings{may-knight-vogler:2010:ACL,
  author    = {May, Jonathan  and  Knight, Kevin  and  Vogler, Heiko},
  title     = {Efficient Inference through Cascades of Weighted Tree Transducers},
  booktitle = {Proceedings of the 48th Annual Meeting of the Association for Computational Linguistics},
  month     = {July},
  year      = {2010},
  address   = {Uppsala, Sweden},
  publisher = {Association for Computational Linguistics},
  pages     = {1058--1066},
  url       = {http://www.aclweb.org/anthology/P10-1108}
}

@article{DBLP:journals/coling/OchN04,
  author    = {Franz Josef Och and
               Hermann Ney},
  title     = {The Alignment Template Approach to Statistical Machine Translation},
  journal   = {Computational Linguistics},
  volume    = {30},
  number    = {4},
  year      = {2004},
  pages     = {417-449},
  ee        = {http://dx.doi.org/10.1162/0891201042544884},
  bibsource = {DBLP, http://dblp.uni-trier.de}
}

@inproceedings{DBLP:conf/ki/ZensON02,
  author    = {Richard Zens and
               Franz Josef Och and
               Hermann Ney},
  title     = {Phrase-Based Statistical Machine Translation},
  booktitle = {KI},
  year      = {2002},
  pages     = {18-32},
  ee        = {http://dx.doi.org/10.1007/3-540-45751-8_2},
  crossref  = {DBLP:conf/ki/2002},
  bibsource = {DBLP, http://dblp.uni-trier.de}
}

@proceedings{DBLP:conf/ki/2002,
  editor    = {Matthias Jarke and
               Jana Koehler and
               Gerhard Lakemeyer},
  title     = {KI 2002: Advances in Artificial Intelligence, 25th Annual
               German Conference on AI, KI 2002, Aachen, Germany, September
               16-20, 2002, Proceedings},
  booktitle = {KI},
  publisher = {Springer},
  series    = {Lecture Notes in Computer Science},
  volume    = {2479},
  year      = {2002},
  isbn      = {3-540-44185-9},
  bibsource = {DBLP, http://dblp.uni-trier.de}
}

@inproceedings{DBLP:conf/naacl/KoehnOM03,
  author    = {Philipp Koehn and
               Franz Josef Och and
               Daniel Marcu},
  title     = {Statistical Phrase-Based Translation},
  booktitle = {HLT-NAACL},
  year      = {2003},
  ee        = {http://acl.ldc.upenn.edu/N/N03/N03-1017.pdf},
  bibsource = {DBLP, http://dblp.uni-trier.de}
}

@InProceedings{chiang:2005:ACL,
  author    = {Chiang, David},
  title     = {A Hierarchical Phrase-Based Model for Statistical Machine Translation},
  booktitle = {Proceedings of the 43rd Annual Meeting of the Association for Computational Linguistics (ACL'05)},
  month     = {June},
  year      = {2005},
  address   = {Ann Arbor, Michigan},
  publisher = {Association for Computational Linguistics},
  pages     = {263--270},
  url       = {http://www.aclweb.org/anthology/P/P05/P05-1033}
}

@inproceedings{DBLP:conf/naacl/KumarB03,
  author    = {Shankar Kumar and
               William J. Byrne},
  title     = {A Weighted Finite State Transducer Implementation of the
               Alignment Template Model for Statistical Machine Translation},
  booktitle = {HLT-NAACL},
  year      = {2003},
  ee        = {http://acl.ldc.upenn.edu/N/N03/N03-1019.pdf},
  bibsource = {DBLP, http://dblp.uni-trier.de}
}

@InProceedings{iglesias-EtAl:2009:NAACLHLT09,
  author    = {Iglesias, Gonzalo  and  de Gispert, Adri\`{a}  and  R. Banga, Eduardo  and  Byrne, William},
  title     = {Hierarchical Phrase-Based Translation with Weighted Finite State Transducers},
  booktitle = {Proceedings of Human Language Technologies: The 2009 Annual Conference of the North American Chapter of the Association for Computational Linguistics},
  month     = {June},
  year      = {2009},
  address   = {Boulder, Colorado},
  publisher = {Association for Computational Linguistics},
  pages     = {433--441},
  url       = {http://www.aclweb.org/anthology/N/N09/N09-1049}
}

@InProceedings{textscshieber:2007:SSST,
  author    = {Shieber, Stuart M.},
  title     = {Probabilistic Synchronous Tree-Adjoining Grammars for Machine Translation: The Argument from Bilingual Dictionaries},
  booktitle = {Proceedings of SSST, NAACL-HLT 2007 / AMTA Workshop on Syntax and Structure in Statistical Translation},
  month     = {April},
  year      = {2007},
  address   = {Rochester, New York},
  publisher = {Association for Computational Linguistics},
  pages     = {88--95},
  url       = {http://www.aclweb.org/anthology/W/W07/W07-0412}
}

@InProceedings{marcu-EtAl:2006:EMNLP,
  author    = {Marcu, Daniel  and  Wang, Wei  and  Echihabi, Abdessamad  and  Knight, Kevin},
  title     = {SPMT: Statistical Machine Translation with Syntactified Target Language Phrases},
  booktitle = {Proceedings of the 2006 Conference on Empirical Methods in Natural Language Processing},
  month     = {July},
  year      = {2006},
  address   = {Sydney, Australia},
  publisher = {Association for Computational Linguistics},
  pages     = {44--52},
  url       = {http://www.aclweb.org/anthology/W/W06/W06-1606}
}

@InProceedings{openfst,
 author =       {Cyril Allauzen and Michael Riley and Johan  Schalkwyk and Wojciech Skut and Mehryar Mohri},
 title =        {Open{F}st: A General and Efficient Weighted Finite-State Transducer Library},
 booktitle = {Proceedings of the Ninth International Conference on Implementation and Application of Automata, (CIAA 2007)},
 pages =        {11-23},
 year =         {2007},
 volume =       {4783},
 series =       {Lecture Notes in Computer Science},
 publisher = {Springer},
 note =         {{\tt http://www.openfst.org}}
}

@inproceedings{kanthak-ney:2004:ACL,
  author    = {Kanthak, Stephan  and  Ney, Hermann},
  title     = {FSA: An Efficient and Flexible C++ Toolkit for Finite State Automata Using On-Demand Computation},
  booktitle = {Proceedings of the 42nd Meeting of the Association for Computational Linguistics (ACL'04), Main Volume},
  year      = 2004,
  month     = {July},
  address   = {Barcelona, Spain},
  pages     = {510--517},
  url       = {http://www.aclweb.org/anthology/P04-1065},
  doi       = {10.3115/1218955.1219020}
}

@MISC{Chiang06anintroduction,
  author = {David Chiang},
  title = {An Introduction to Synchronous Grammars},
  year = {2006}
}

@article{DBLP:journals/mt/Knight07,
  author    = {Kevin Knight},
  title     = {Capturing practical natural language transformations},
  journal   = {Machine Translation},
  volume    = {21},
  number    = {2},
  year      = {2007},
  pages     = {121-133},
  ee        = {http://dx.doi.org/10.1007/s10590-008-9039-0},
  bibsource = {DBLP, http://dblp.uni-trier.de}
}

@InProceedings{cohn-lapata:2008:PAPERS,
  author    = {Cohn, Trevor  and  Lapata, Mirella},
  title     = {Sentence Compression Beyond Word Deletion},
  booktitle = {Proceedings of the 22nd International Conference on Computational Linguistics (Coling 2008)},
  month     = {August},
  year      = {2008},
  address   = {Manchester, UK},
  publisher = {Coling 2008 Organizing Committee},
  pages     = {137--144},
  url       = {http://www.aclweb.org/anthology/C08-1018}
}

@InProceedings{cohn-lapata:2007:EMNLP-CoNLL2007,
  author    = {Cohn, Trevor  and  Lapata, Mirella},
  title     = {Large Margin Synchronous Generation and its Application to Sentence Compression},
  booktitle = {Proceedings of the 2007 Joint Conference on Empirical Methods in Natural Language Processing and Computational Natural Language Learning (EMNLP-CoNLL)},
  month     = {June},
  year      = {2007},
  address   = {Prague, Czech Republic},
  publisher = {Association for Computational Linguistics},
  pages     = {73--82},
  url       = {http://www.aclweb.org/anthology/D/D07/D07-1008}
}

@inproceedings{gasser:2011:freerbmt,
  author = {Michael Gasser},
  title = {Toward Synchronous Extensible Dependency Grammar},
  booktitle = {Proceedings of the International Workshop on Free/Open-Source Rule-Based Machine Translation (2nd : 2011 : Barcelona)},
  month = {January},
  year = {2011},
  address = {Barcelona,Spain}
}

@PhdThesis{Debusmann06,
  author =       {Ralph Debusmann},
  title =        {Extensible Dependency Grammar: A Modular Grammar Formalism Based On Multigraph Description},
  school =       {Saarland University},
  year =         2006,
  month =        4
}

@PhdThesis{vannoord93,
  author =       {Gertjan van Noord},
  title =        {Reversibility in Natural Language Processing},
  school =       {University of Utrecht},
  year =         1993,
}

@inproceedings{Nesson:2006:IPS,
  address = {Boston, Massachusetts},
  author = {Rebecca Nesson and Stuart M. Shieber and Alexander Rush},
  booktitle = {Proceedings of the 7th Conference of the {Association for Machine Translation in the Americas} ({AMTA} 2006)},
  dash = {http://nrs.harvard.edu/urn-3:HUL.InstRepos:2261232},
  date-added = {2006-07-11 11:59:38 -0400},
  date-modified = {2006-09-28 12:11:44 -0400},
  definitive = {http://www.mt-archive.info/AMTA-2006-Nesson.pdf},
  localpdf = {http://www.eecs.harvard.edu/~shieber/Biblio/Papers/Nesson-2006-IPS.pdf},
  month = {8-12 August},
  title = {Induction of Probabilistic Synchronous Tree-Insertion Grammars for Machine Translation},
  year = {2006},
  bdsk-url-1 = {http://www.eecs.harvard.edu/~shieber/Biblio/Papers/Nesson-2006-IPS.pdf}
}

@inproceedings{improvingsmtwsd,
 author = {Marine Carpuat and Dekai Wu},
 title = {Improving Statistical Machine Translation using Word Sense Disambiguation},
 booktitle = {Proceedings of the 2007 Joint Conference on Empirical Methods in Natural Language Processing and Computational Natural Language Learning},
 year = {2007},
 location = {Prague},
 publisher = {ACL},
 }

@inproceedings{carpuatpsd,
    author = {Marine Carpuat and Dekai Wu},
    title = {How Phrase Sense Disambiguation Outperforms Word Sense Disambiguation for Statistical Machine Translation},
    booktitle = {11th Conference on Theoretical and Methodological Issues in Machine Translation},
    year = {2007},
}

@Article(vw94,
  Author="K. Vijay-Shanker and David Weir",
  Title="The Equivalence of Four Extensions of Context-Free Grammars",
  Journal="Mathematical Systems Theory",
  Volume=27,
  Pages="511--546",
  Year=1994)

@article{Joshi:1975:TAG:1739967.1740303,
 author = {Joshi, Aravind K. and Levy, Leon S. and Takahashi, Masako},
 title = {Tree adjunct grammars},
 journal = {J. Comput. Syst. Sci.},
 issue_date = {February, 1975},
 volume = {10},
 number = {1},
 month = feb,
 year = {1975},
 issn = {0022-0000},
 pages = {136--163},
 numpages = {28},
 url = {http://dx.doi.org/10.1016/S0022-0000(75)80019-5},
 doi = {10.1016/S0022-0000(75)80019-5},
 acmid = {1740303},
 publisher = {Academic Press, Inc.},
 address = {Orlando, FL, USA},
} 

@InProceedings{deneefe-knight:2009:EMNLP,
  author    = {DeNeefe, Steve  and  Knight, Kevin},
  title     = {Synchronous Tree Adjoining Machine Translation},
  booktitle = {Proceedings of the 2009 Conference on Empirical Methods in Natural Language Processing},
  month     = {August},
  year      = {2009},
  address   = {Singapore},
  publisher = {Association for Computational Linguistics},
  pages     = {727--736},
  url       = {http://www.aclweb.org/anthology/D/D09/D09-1076}
}

@inproceedings{DBLP:conf/acl/Och03,
  author    = {Franz Josef Och},
  title     = {Minimum Error Rate Training in Statistical Machine Translation},
  booktitle = {ACL},
  year      = {2003},
  pages     = {160-167},
  ee        = {http://acl.ldc.upenn.edu/acl2003/main/pdfs/Och.pdf},
  crossref  = {DBLP:conf/acl/2003},
  bibsource = {DBLP, http://dblp.uni-trier.de}
}
@proceedings{DBLP:conf/acl/2003,
  editor    = {Erhard W. Hinrichs and
               Dan Roth},
  title     = {Proceedings of the 41st Annual Meeting of the Association
               for Computational Linguistics, 7-12 July 2003, Sapporo Convention
               Center, Sapporo, Japan},
  booktitle = {ACL},
  publisher = {ACL},
  year      = {2003},
  ee        = {http://aclweb.org/anthology-new/P/P03/\#1000},
  bibsource = {DBLP, http://dblp.uni-trier.de}
}

