@string{AI = "Artificial Intelligence"}
@string{AMACL = "Annual Meeting of the Association for Computational
		 Linguistics"}
@string{ACCSS = "Annual Conference of the Cognitive Science Society"}
@string{CogSci = "Cognitive Science"}
@string{CL = "Computational Linguistics"}
@string{JASA = "Journal of the Acoustical Society of America"}
@string{ICASSP = "International Conference on Acoustics, Speech, and
		 Signal Processing"}
@string{IASSP = "IEEE Transactions on Acoustics, Speech, and Signal
		 Processing"}
@string{PandP = "Perception and Psychophysics"}
@string{JEP   = "Journal of Experimental Psychology"}

@BOOK{antworth,
        AUTHOR = "Evan L. Antworth",
        TITLE = "{PC-KIMMO}: a two-level processor for morphological analysis",
        PUBLISHER = "Summer Institute of Linguistics",
        YEAR = "1990",
        SERIES = "Occasional Publications of Academic Computing No. 16",
        ADDRESS = "Dallas, TX",
        NOTE = ""
}

@Article{amtrup:03,
  author = 	 {Jan Amtrup},
  title = 	 {Morphology in Machine Translation Systems: Efficient
                  Integration of Finite State Transducers and Feature Structure Descriptions},
  journal = 	 {Machine Translation},
  year = 	 {2003},
  volume = 	 {18},
  pages = 	 {213--235},
  OPTnote = 	 {}
}

@Book{anbessa+hudson,
  author = 	 {Anbessa Teferra and Grover Hudson},
  title = 	 {Essentials of {A}mharic},
  publisher = 	 {R\"{u}diger K\"{o}ppe Verlag},
  year = 	 {2007},
  address = 	 {K\"{o}ln}
}

@Book{amsalu,
  author = 	 {Amsalu Aklilu},
  title = 	 {Amharic-English Dictionary},
  publisher = 	 {Kuraz Printing Press},
  year = 	 {1987},
  address = 	 {Addis Ababa},
  annote = 	 {}
}

@InProceedings{attia:06,
  author = 	 {Mohammed Attia},
  title = 	 {An Ambiguity-Controlled Morphological Analyzer for
                  {M}odern {S}tandard {A}rabic Modelling Finite State Networks},
  booktitle = {The Challenge of {A}rabic for NLP/MT Conference},
  year = 	 {2006},
  OPTnote = 	 {}
}

@Article{barreiroetal:11,
  author = 	 {Anabela Barreiro and Bernard Scott and Walter Kasper and Bernd Kiefer},
  title = 	 {OpenLogos Machine Translation: Philosophy, Model,
                  Resources, and Customization}, 
  journal = 	 {Machine Translation},
  year = 	 {2011},
  volume = 	 {25},
  number =       {2},
  pages = 	 {107--126},
  OPTnote = 	 {},
}

@InProceedings{becker,
  author = 	"Joseph Becker",
  title = 	"The Phrasal Lexicon",
  booktitle = 	"Theoretical Issues in Natural Language Processing",
  year = 	"1975",
  editor = 	"Roger Schank and Bonnie Nash-Webber",
  pages = 	"38--41",
  organization = "Association for Computational Linguistics"
}

@InCollection{beckwith,
  author = 	"Richard Beckwith and Christiane Fellbaum and Derek
		 Gross and George A. Miller",
  title = 	"WordNet: A Lexical Database Organized on
		 Psycholinguistic Principles",
  booktitle = 	"Lexical Acquisition: Using On-Line Resources to Build
		 a Lexicon",
  publisher = 	"Lawrence Erlbaum",
  year = 	"1991",
  editor = 	"Uri Zernik",
  pages = 	"",
  address = 	"Hillsdale, NJ"
}

@Book{beesley+karttunen,
  author = 	"Kenneth R.~Beesley and Lauri Karttunen",
  title = 	"Finite State Morphology",
  publisher = 	"CSLI Publications",
  year = 	"2003",
  address = 	"Stanford, CA, USA",
  OPTnote = 	""
}

@Article{bender:phonetics,
  author = 	"M. Lionel Bender",
  title = 	"Two Problems in {A}mharic Phonetics: the
		 Sixth Order Vowel and the Verb Suffixes",
  journal = 	"Journal of Ethiopian Studies",
  year = 	"1969",
  volume = 	"7",
  pages = 	"33--41",
  OPTnote = 	""
}

@Book{bender+hailu,
  author = 	"M. Lionel Bender and Hailu Fulass",
  title = 	"Amharic Verb Morphology",
  publisher = 	"African Studies Center, Michigan State University",
  year = 	"1978",
  address = 	"East Lansing, MI",
  OPTnote = 	""
}

@Book{benderetal,
  author = 	"M. Lionel Bender and J. Donald Bowen and Robert L. Cooper
		 and Charles A. Ferguson",
  title = 	"Language in \uppercase{E}thiopia",
  publisher = 	"Oxford University Press",
  year = 	"1976",
  address = 	"London",
  OPTnote = 	""
}

@InCollection{bender+head+cowley,
  author = 	"Marvin L. Bender and Sydney W. Head and Roger Cowley",
  title = 	"The \uppercase{E}thiopian Writing System",
  booktitle = 	"Language in \uppercase{E}thiopia",
  editor = 	"M. L. Bender and J. D. Bowen and R. L. Cooper and C.
		 A. Ferguson",
  pages = 	"120--129",
  publisher = 	"Oxford University Press",
  year = 	"1976",
  address = 	"London",
  OPTnote = 	""
}

@Article{berko:58,
  author = 	"Jean Berko",
  title = 	"The Child's Learning of \uppercase{E}nglish Morphology",
  journal = 	"Word",
  year = 	"1958",
  volume = 	"14",
  pages = 	"150--177",
  OPTnote = 	""
}

@InProceedings{bick:07,
  author = 	 {Eckhard Bick},
  title = 	 {Dan2eng: wide-coverage {D}anish-{E}nglish machine translation},
  booktitle = {Proceedings of {M}achine {T}ranslation {S}ummit {XI}},
  pages = 	 {37--43},
  year = 	 {2007},
  address = 	 {Copenhagen},
  OPTnote = 	 {},
}

@ARTICLE{bird:90a,
        AUTHOR = "Steven Bird and Ewan Klein",
        TITLE = "Phonological Events",
        JOURNAL = "Journal of Linguistics",
        YEAR = "1990",
        NUMBER = "26",
        PAGES = "33-56"
}

@Misc{biniam:09,
  author = 	 {Biniam Gebremichael},
  title = 	 {Wordlist and spell checking for {A}mharic and {T}igrigna},
  howpublished = {Available online at http://www.cs.ru.nl/~biniam/geez/crawl.php},
  year = 	 {2009}
}

@InProceedings{bojar04,
  author = 	 {Ond\v{r}ej Bojar},
  title = 	 {Problems of Inducing Large Coverage Constraint-Based Dependency Grammar},
  booktitle = {Constraint Solving and Language Processing, First International Workshop, {CSLP} 2004},
  pages = 	 {90--103},
  year = 	 {2005},
  editor = 	 {H. Christiansen et al.},
  address = 	 {Berlin},
  publisher = {Springer Verlag},
  OPTnote = 	 {},
}

@Article{bondetal:11,
  author = 	 {Francis Bond and Stephan Oepen and Eric Nichols and
                  Dan Flickinger and Erik Velldal and Petter
                  Haugereid}, 
  title = 	 {Deep Open-Source Machine Translation},
  journal = 	 {Machine Translation},
  year = 	 {2011},
  volume = 	 {25},
  number = 	 {2},
  pages = 	 {87--105},
  OPTannote = 	 {}
}

@ARTICLE{browman:89b,
        AUTHOR = "Browman, Catherine and Louis Goldstein",
        TITLE = "Articulatory gestures as phonological units",
        JOURNAL = "Phonology",
        YEAR = "1989",
        VOLUME = "6",
        PAGES = "201--251"
}

@Article{brown:mt,
  author = 	"Peter F. Brown and John Cocke and Stephen A. Della
		 Pietra and Vincent J. Della Pietra and Fredrick
		 Jelinek and John D. Lafferty and Robert L. Mercer and
		 Paul S. Roossin",
  title = 	"A Statistical Approach to Machine Translation",
  journal = 	"Computational Linguistics",
  year = 	"1990",
  volume = 	"16",
  pages = 	"79--85",
  OPTnote = 	""
}

@Article{pbrown:94,
  author = 	 "Penelope Brown",
  title = 	 "The {IN}s and {ON}s of {T}zeltal Locative
                  Expressions: the Semantics of Static Descriptions of 
                  Location",
  journal = 	 "Linguistics",
  year = 	 "1994",
  volume = 	 "32",
  pages = 	 "743--790",
  annote = 	 "spatial relations, Mayan languages, shape, frame of
                  reference"
}

@InCollection{brugman:83,
  author = 	 "Claudia Brugman",
  title = 	 "The Use of Body-Part Terms as Locatives in
		  \uppercase{C}halcatongo \uppercase{M}ixtec",
  booktitle = "Survey of California and Other Indian Languages",
  publisher = "University of California",
  year = 	 "1983",
  volume = 	 "4",
  pages = 	 "235--290",
  address = 	 "Berkeley, CA",
  OPTannote = 	 ""
}

@InCollection{buckley:00,
  author = 	 {Eugene Buckley},
  title = 	 {Alignment and Weight in the {T}igrinya verb stem},
  booktitle = 	"Advances in {A}frican Linguistics",
  editor = 	"Vicki Carstens and Frederick Parkinson",
  pages = 	"165--176",
  publisher = 	"Africa World Press",
  year = 	"2000",
  address = 	"Lawrenceville, NJ, USA",
  OPTnote = 	""
}

@Book{byrne,
  author = 	 {Jody Byrne},
  title = 	 {Technical Translation: Usability Strategies for
                  Translating Technical Documentation},
  publisher = 	 {Springer},
  year = 	 {2006},
  address = 	 {Dordrecht, the Netherlands},
  OPTannote = 	 {}
}

@InCollection{chaffin,
  author = 	"Roger Chaffin and Douglas J. Herrmann",
  title = 	"The Nature of Semantic Relations: A Comparison of Two
		 Approaches",
  booktitle = 	"Relational Models of the Lexicon: Representing
		 Knowledge in Semantic Networks",
  publisher = 	"Cambridge University Press",
  year = 	"1988",
  editor = 	"Martha W. Evens",
  pages = 	"289--334",
  address = 	"Cambridge"
}

@Book{carpenter,
  author = 	 {Bob Carpenter},
  title = 	 {The Logic of Typed Feature Structures},
  publisher = 	 {Cambridge University Press},
  year = 	 {1992},
  address = 	 {Cambridge},
  OPTannote = 	 {}
}

@Book{charniak:1993,
  author = 	 {Eugene Charniak},
  title = 	 {Statistical Language Learning},
  publisher = 	 {MIT Press},
  year = 	 {1993},
  address = 	 {Cambridge, MA},
  OPTannote = 	 {}
}

@Book{chierchia,
  author = 	"Gennaro Chierchia and Sally McConnell-Ginet",
  title = 	"Meaning and Grammar: An Introduction to Semantics",
  publisher = 	"MIT Press",
  year = 	"1990",
  address = 	"Cambridge, MA"
}

@Article{chiang,
  author = 	 {David Chiang},
  title = 	 {Hierarchical Phrase-Based Translation},
  journal = 	 {Computational Linguistics},
  year = 	 {2007},
  volume = 	 {33},
  number = 	 {2},
  pages = 	 {201--228},
  annote = 	 {}
}

@BOOK{chomsky:aspects,
        AUTHOR = "Noam Chomsky",
        TITLE = "Aspects of the Theory of Syntax",
        PUBLISHER = "MIT Press",
        ADDRESS = "Cambridge, Mass.",
        YEAR = "1965"
}

@BOOK{chomsky+halle,
        AUTHOR = "Noam Chomsky and Morris Halle",
        TITLE = "The Sound Pattern of \uppercase{E}nglish",
        PUBLISHER = "Harper and Row",
        ADDRESS = "New York",
        YEAR = "1968"
}

@Article{church:statistics,
  author = 	"Kenneth W. Church and Patrick Hanks",
  title = 	"Word Association Norms: Mutual Information, and Lexicography",
  journal = 	CL,
  year = 	"1990",
  volume = 	"16",
  pages = 	"22--29"
}

@Book{churchward,
  author = 	 {C. Maxwell Churchward},
  title = 	 {Rotuman Grammar and Dictionary},
  publisher = 	 {Australasian Medical Publishing},
  year = 	 {1940},
  address = 	 {},
  OPTannote = 	 {}
}

@ARTICLE{clements:85a,
        AUTHOR = "Clements, G. N.",
        TITLE = "The geometry of phonological features",
        JOURNAL = "Phonology Yearbook",
        YEAR = "1985",
        VOLUME = "2",
        PAGES = "223-274"
}

@INPROCEEDINGS{clements:87a,
        AUTHOR = "G. N. Clements",
        TITLE = "Phonological feature representation and the
		 description of intrusive stops",
        BOOKTITLE = "Papers from the 23th \uppercase{A}nnual
		 \uppercase{R}egional \uppercase{M}eeting of
		 the \uppercase{C}hicago \uppercase{L}inguistics
		 \uppercase{S}ociety \uppercase{P}art \uppercase{T}wo: 
                 Parasession on autosegmental and metrical phonology",
        YEAR = "1987",
        EDITOR = "Anna Bosch, Barbara Need, and Eric Schiller",
        ORGANIZATION = "Chicago Linguistics Society"
}

@InProceedings{cmejreketal:03,
  author = 	 {Martin \v{C}mejrek and Jan Cu\v{r}\'{i}n and
                  Ji\v{r}\'{i} Havelka},
  title = 	 {Czech-{E}nglish Dependency-Based Machine Translation},
  booktitle = {Proceedings of the 10th Conference of the European
                  Chapter of the Association for Computational Linguistics},
  pages = 	 {83--90},
  year = 	 {2003},
  address = 	 {Budapest},
  annote = 	 {}
}

@ARTICLE{coleman:90a,
        AUTHOR = "John Coleman",
        TITLE = "Charm theory defines strange vowel sets",
        JOURNAL = "Journal of Linguistics",
        YEAR = "1990",
        NUMBER = "26",
        PAGES = "165--174"
}

@Article{cohensygal+wintner,
  author = 	 {Yael Cohen-Sygal and Shuly Wintner},
  title = 	 {Finite-state registered automata for non-concatenative morphology},
  journal = 	 {Computational Linguistics},
  year = 	 {2006},
  volume = 	 {32},
  pages = 	 {49--82},
  annote = 	 {Semitic, finite state automata}
}

@ARTICLE{coleman:90b,
        AUTHOR = "John Coleman",
        TITLE = "Vowel sets: a reply to \uppercase{K}aye",
        JOURNAL = "Journal of Linguistics",
        YEAR = "1990",
        NUMBER = "26",
        PAGES = "183--187"
}

@InCollection{cooper+zurif,
        author =      "W. E. Cooper and E. B. Zurif",
        title =       "Aphasia: Information-Processing in Language
        Production and Reception",
        BOOKTITLE = "Language Production, Volume 2: Development,
        Writing, and Other Language Processes",
        PUBLISHER = "Academic Press",
        YEAR = "1983",
        EDITOR = "Brian Butterworth",
        PAGES = "225--256",
        ADDRESS = "London"
}

@Book{copestake,
  author = 	 {Ann Copestake},
  title = 	 {Implementing Typed Feature Structure Grammars},
  publisher = 	 {CSLI Publications},
  year = 	 {2002},
  address = 	 {Stanford, CA, USA},
  OPTannote = 	 {}
}

@Article{dahlgren,
  author = 	"Kathleen Dahlgren and Joyce McDowell and Stabler, Jr.,
		 Edward  P.",
  title = 	"Knowledge Representation for Commonsense Reasoning
		 with Text",
  journal = 	CL,
  year = 	"1989",
  volume = 	"15",
  pages = 	"149--170"
}

@article{dauer:83,
  author = "R.M. Dauer",
  title = "Stress-timing and syllable-timing reanalyzed",
  journal = "Journal of Phonetics",
  year = "1983",
  volume = "11",
  pages = "51--62"
}

@Article{cummins+port,
   author    = {Cummins, Fred and Port, Robert F.},
   title     = {Rhythmic constraints on stress timing in
{E}nglish},
   journal   = {Journal of Phonetics},
   year      = 1998,
   volume = 26,
   pages = {145--171},
  OPTannote = 	 {}
}

@ARTICLE{davis:games,
        AUTHOR = "Stuart Davis",
        TITLE = "Language Games",
        JOURNAL = "The Encyclopedia of Language and Linguistics",
        YEAR = "to appear",
        PUBLISHER = "Pergamon Press"
}

@PhdThesis{debusmann,
  author = 	 {Ralph Debusmann},
  title = 	 {Extensible Dependency Grammar: A Modular Grammar
                  Formalism Based On Multigraph Description},
  school = 	 {Universit\"{a}t des Saarlandes},
  year = 	 {2007},
  annote = 	 {}
}

@InProceedings{debusmannetal:04,
  author =       {Ralph Debusmann and Denys Duchier and Geert-Jan M. Kruijff},
  title =        {Extensible Dependency Grammar: A New Methodology},
  booktitle =    {Proceedings of the COLING 2004 Workshop on Recent Advances in Dependency Grammar},
  year =         {2004},
  address =      {Geneva/SUI},
  keywords =     {dependency grammar, methodology, modularity},
}

@Article{deleon:94,
  author = 	 {Lourdes de Le\'{o}n},
  title = 	 {Exploration in the Acquisition of Geocentric
                  Location by {T}zotzil Children},
  journal = 	 {Linguistics},
  year = 	 {1994},
  volume = 	 {32},
  pages = 	 {857--884},
  annote = 	 {space, Mayan languages, frames of reference,
                  egocentricity, Piaget}
}

@InProceedings{diaconescu:04,
  author = 	 {Stefan Diaconescu},
  title = 	 {Multiword Expression Translation Using Generative Dependency Grammar},
  booktitle = {Proceedings of EsTAL},
  pages = 	 {},
  year = 	 {2004},
  address = 	 {Alicante, Spain},
  annote = 	 {}
}

@InCollection{dorr:91,
  author = 	"Bonnie Dorr",
  title = 	"Conceptual Basis of the Lexicon in Machine Translation",
  booktitle = 	"Lexical Acquisition: Using On-Line Resources to Build
		 a Lexicon",
  publisher = 	"Lawrence Erlbaum",
  year = 	"1991",
  editor = 	"Uri Zernik",
  pages = 	"",
  address = 	"Hillsdale, NJ"
}

@Article{dorr:94,
  author = 	 {Bonnie Dorr},
  title = 	 {Machine Translation Divergences: a Formal
                  Description and Proposed Solution},
  journal = 	 {Computational Linguistics},
  year = 	 {1994},
  volume = 	 {20},
  number = 	 {4},
  pages = 	 {597--633},
  OPTannote = 	 {}
}

@Article{dresher+kaye,
  author = 	"B. Elan Dresher and Jonathan D. Kaye",
  title = 	"A Computational Learning Model for Metrical Phonology",
  journal = 	"Cognition",
  year = 	"1990",
  volume = 	"34",
  pages = 	"137--195",
  OPTnote = 	""
}

@Article{dressler:94,
  author = 	 "Wolfgang U. Dressler",
  title = 	 "Evidence from the First Stages of Morphology
		  Acquisition for Linguistic Theory: Extragrammatic
		  Morphology and Diminutives",
  journal = 	 "Acta Linguistica Hafniensa",
  year = 	 "1994",
  volume = 	 "27",
  pages = 	 "91--108",
  OPTannote = 	 "Linguistic Studies in Honour of J\o rgen Rischel"
}

@InProceedings{dukesetal,
  author = 	 {Kais Dukes and Eric Atwell and Abdul-Baquee M. Sharaf},
  title = 	 {Syntactic Annotation Guidelines for the {Q}uranic {A}rabic
                  Treebank},
  booktitle = {Proceedings of the Seventh International Conference on Language
                  Resources and Evaluation},
  OPTpages = 	 {},
  year = 	 {2010},
  OPTeditor = 	 {},
  address = 	 {Valletta, Malta},
  OPTannote = 	 {}
}

@Misc{efrem,
  author = 	 {Efrem Zacarias},
  title = 	 {Memhir.org Dictionaries ({E}nglish-{T}igrinya, {H}ebrew-{T}igrinya dictionaries)},
  howpublished = {Available at http://www.memhr.org/dic/},
  year = 	 {2009},
}

@InCollection{emmorey:96,
  author = 	 "Karen Emmorey",
  title = 	 "The Confluence of Space and Language in Signed Languages",
  booktitle = "Language and Space",
  publisher = "MIT Press",
  year = 	 "1996",
  editor = 	 "Paul Bloom and Mary A. Peterson and Lynn Nadel and
		  Merrill F. Garrett",
  pages = 	 "171--209",
  address = 	 "Cambridge, MA",
  annote = 	 "ASL, morphology, classifiers, frames of reference,
		  narrative, room description, rotation, image
		  generation, aphasia, hemispheres"
}

@BOOK{fant:73a,
        AUTHOR = "Gunnar Fant",
        TITLE = "Speech Sounds and Features",
        PUBLISHER = "MIT Press",
        YEAR = "1973",
        ADDRESS = "Cambridge, MA"
}

@InProceedings{fauconnier:invisible,
  author = 	"Gilles Fauconnier",
  title = 	"Invisible Meaning",
  booktitle =   "Proceedings of the 16th Meeting of the Berkeley
		 Linguistics Society",
  year = 	"forthcoming"
}

@InCollection{ferguson:ethiopia,
  author = 	"Charles A. Ferguson",
  title = 	"The \uppercase{E}thiopian Language Area",
  booktitle = 	"Language in \uppercase{E}thiopia",
  editor = 	"M. L. Bender and J. D. Bowen and R. L. Cooper and C.
		 A. Ferguson",
  pages = 	"63--76",
  publisher = 	"Oxford University Press",
  year = 	"1976",
  address = 	"London",
  OPTnote = 	""
}

@Article{fisheretal,
  author = 	 {Cynthia Fisher and D. Geoffrey Hall and Susan
                  Rakowitz and Lila Gleitman},
  title = 	 {When it is Better to Receive Than to Give: Syntactic
                  and Conceptual Constraints on Vocabulary Growth},
  journal = 	 {Lingua},
  year = 	 {1994},
  volume = 	 {92},
  pages = 	 {333--375},
  OPTannote = 	 {}
}

@conference {fillmoreFS,
	title = {Frame Semantics for Text Understanding},
	booktitle = {Proceedings of WordNet and Other Lexical Resources Workshop},
	year = {2001},
	month = {June},
	publisher = {NAACL},
	organization = {NAACL},
	address = {Pittsburgh},
	author = {Fillmore, Charles J. and Baker, Collin F.}
}

@Book{fodor:76,
  author = 	 {Jerry A. Fodor},
  title = 	 {The Language of Thought},
  publisher = 	 {Crowell},
  year = 	 {1976},
  address = 	 {New York},
  OPTannote = 	 {}
}

@Article{apertium,
  author = 	 {Mikel L. Forcada and Mireia Ginest\'{i}-Rosell and Jacob
                  Nordfalk and Jim O'Regan and Sergio Ortiz-Rojas and Juan
                  Antonio P\'{e}rez-Ortiz and Felipe
                  S\'{a}nchez-Mart\'{i}nez and Gema
                  Ram\'{i}rez-S\'{a}nchez and Francis M. Tyers},
  title = 	 {Apertium: a Free/Open-Source Platform for Rule-Based
                  Machine Translation},
  journal = 	 {Machine Translation},
  year = 	 {2011},
  volume = 	 {25},
  number =       {2},
  pages = 	 {127--144},
  OPTnote = 	 {},
}

@Unpublished{yitna+yaqob,
  author = 	 {Yitna Firdyiwek and Daniel Yaqob},
  title = 	 {The System for {E}thiopic Representation in {ASCII}},
  note = 	 {URL: citeseer.ist.psu.edu/56365.html},
  year = 	 {1997},
  OPTannote = 	 {}
}

@InProceedings{foth+menzel,
  author = 	 {Kilian Foth and Wolfgang Menzel},
  title = 	 {Hybrid Parsing: Using Probabilistic Models as
                  Predictors for a Symbolic Parser},
  booktitle = {Proceedings of the Annual Conference of the Association
                  for Computational Linguistics},
  year = 	 {2006},
  address = 	 {Sydney, Australia},
  annote = 	 {}
}

@BOOK{fromm:82,
        AUTHOR = "H. Fromm",
        TITLE = "Finnische \uppercase{G}rammatik",
        PUBLISHER = "Carl Winter Universit{\"{a}}tsverlag",
        YEAR = "1982",
        ADDRESS = "Heidelberg"
}

@InCollection{gasser:continuity,
  author = 	"Michael Gasser",
  title = 	"Topic Continuity in Written {A}mharic Narrative",
  booktitle = 	"Topic Continuity in Discourse: A Quantitative
		 Cross-Language Study",
  editor = 	"T. Giv\'{o}n",
  pages = 	"99--139",
  publisher = 	"John Benjamins",
  year = 	"1983",
  address = 	"Amsterdam",
  OPTnote = 	""
}

@Article{gasser:lingua,
  author = 	"Michael Gasser",
  title = 	"Amharic {\it -m\/} and {\it -ss\/}: Morphology, Theme,
		 and Assumed Knowledge",
  journal = 	"Lingua",
  year = 	"1985",
  volume = 	"65",
  pages = 	"51--106"
}

@Article{gasser:cogsci86,
  author = 	"Michael Gasser and Michael G. Dyer",
  title = 	"{\it Speak of the devil\/}: Representing Deictic and
		 Speech Act Knowledge in an Integrated Lexical Memory",
  journal = 	"Annual Conference of the Cognitive Science Society",
  year = 	"1986",
  volume = 	"8",
  pages = 	"388--398"
}

@INPROCEEDINGS{gasseretal:interface,
        AUTHOR = "Michael Gasser and Stephen Hockema and Matthew Kane",
        TITLE = "Information is Power: Toward Intelligent Tools for Information Access and Evaluation",
        BOOKTITLE = "Proceedings of the {W}orld {F}orum on the {I}nformation {S}ociety",
        YEAR = "2005",
        ADDRESS = "Cambridge, MN",
        PUBLISHER = "International Research Foundation for Development"
}

@InProceedings{gasser:eacl09,
  author = 	 {Michael Gasser},
  title = 	 {Semitic morphological analysis and generation using
                  finite state transducers with feature structures}, 
  booktitle = {Proceedings of the 12th {C}onference of the {E}uropean
                  {C}hapter of the {ACL}},
  pages = 	 {309--317},
  year = 	 {2009},
  address = 	 {Athens, Greece},
}

@InProceedings{gasser:sem10,
  author = 	 {Michael Gasser},
  title = 	 {A Dependency Grammar for {A}mharic},
  booktitle = {Proceedings of the {W}orkshop on {L}anguage {R}esources and
                  {H}uman {L}anguage {T}echnologies for {S}emitic Languages},
  year = 	 {2010},
  address = 	 {Valletta, Malta},
}

@InProceedings{gasser:lrec10,
  author = {Michael Gasser},
  title = {Expanding the Lexicon for a Resource-Poor Language Using a Morphological Analyzer and a Web Crawler},
  booktitle = {Proceedings of the Seventh International Conference on Language Resources and Evaluation (LREC'10)},
  year = {2010},
  month = {may},
  date = {19-21},
  address = {Valletta, Malta},
  editor = {},
  publisher = {},
  isbn = {2-9517408-6-7},
  language = {english}
 } 

@InProceedings{gasser:freerbmt11,
  author = 	 {Michael Gasser},
  title = 	 {Towards synchronous Extensible Dependency Grammar.},
  booktitle = {Proceedings of the Second International Workshop on Free/Open-Source Rule-Based Machine Translation}, 
  year = 	 {2011},
  address = 	 {Barcelona},
}

@InProceedings{gasser:hltd,
  author = 	 {Michael Gasser},
  title = 	 {Horn{M}orpho: a system for morphological processing of
                  {A}mharic, {O}romo, and {T}igrinya},
  booktitle = {Proceedings of the Conference on Human Language
                  Technology for Development},
  year = 	 {2011},
  address = 	 {Alexandria, Egypt},
}

@BOOK{gazdar+mellish,
        AUTHOR = "Gerald Gazdar and Chris Mellish",
        TITLE = "Natural Language Processing in Lisp: An Introduction
		 to Computational Linguistics",
        PUBLISHER = "Addison-Wesley",
        YEAR = "1989",
        ADDRESS = "Wokingham, England",
        NOTE = ""
}

@InCollection{getatchew:pronoun,
  author = 	"Getatchew, Haile",
  title = 	"The Suffix Pronouns in {A}mharic",
  booktitle = 	"Papers in African Linguistics",
  editor = 	"Chin-W. Kim and Herbert Stahlke",
  pages = 	"101--111",
  publisher = 	"Linguistic Research",
  year = 	"1970",
  address = 	"Edmonton, Alberta",
  OPTnote = 	""
}

@PHDTHESIS{goldsmith:ap,
        AUTHOR = "John Goldsmith",
        TITLE = "Autosegmental Phonology",
        SCHOOL = "MIT",
        YEAR = "1976",
        ADDRESS = "Cambridge, MA",
        NOTE = "Published 1979, Garland Press, New York"
}

@INCOLLECTION{goldsmith:cls89,
        AUTHOR = "John Goldsmith",
        TITLE = "Autosegmental Licensing, Inalterability, and Harmonic
		 Rule Application",
        BOOKTITLE = "Papers from the 25th Annual Regional Meeting of
		 the Chicago Linguistic Society",
        PUBLISHER = "",
        YEAR = "1989",
        EDITOR = "Randy Graczyk, Brad Music, and Caroline Wiltshire",
        PAGES = "",
        ADDRESS = ""
}

@BOOK{goldsmith:amp,
        AUTHOR = "John Goldsmith",
        TITLE = "Autosegmental and Metrical Phonology",
        PUBLISHER = "Basil Blackwell",
        YEAR = "1990",
        ADDRESS = "Cambridge, MA"
}

@ARTICLE{greenberg:88a,
        AUTHOR = "S. Greenberg",
        TITLE = "The ear as a speech analyzer",
        JOURNAL = "Journal of Phonetics",
        YEAR = "1988",
        VOLUME = "16",
        PAGES = "139-149"
}

@BOOK{grosz:86,
        EDITOR = "Barbara J. Grosz, Karen Sparck Jones, and Bonnie
		 Lynn Webber",
        TITLE = "Readings in Natural Language Processing",
        PUBLISHER = "Morgan Kaufmann",
        YEAR = "1986",
        ADDRESS = "Los Altos, CA"
}

@Book{gragg,
  author = 	 {Gene Gragg},
  title = 	 {Oromo dictionary},
  publisher = 	 {Michigan State University Press},
  year = 	 {1982},
  address = 	 {East Lansing, MI, USA},
  annote = 	 {}
}

@Book{gumperz+levinson,
  title = 	 {Rethinking Linguistic Relativity},
  publisher = 	 {Cambridge University Press},
  year = 	 {1996},
  editor = 	 {John J. Gumperz and Stephen C. Levinson},
  address = 	 {Cambridge},
  OPTannote = 	 {}
}


@Article{habashetal:09,
  author = 	 {Nizar Habash and Bonnie Dorr and Christof Monz},
  title = 	 {Symbolic-to-Statistical Hybridization: Extending
                  Generation-Heavy Machine Translation}, 
  journal = 	 {Machine Translation},
  year = 	 {2009},
  volume = 	 {23},
  pages = 	 {23--63},
  OPTannote = 	 {}
}

@BOOK{halle:83,
        AUTHOR = "Morris Halle and G. N. Clements",
        TITLE = "Problem Book in Phonology",
        PUBLISHER = "Academic Press",
        YEAR = "1983",
        ADDRESS = "San Diego"
}

@ARTICLE{hardy:88a,
        AUTHOR = "Heather K. Hardy and Timothy R. Montler",
        TITLE = "Imperfective Gemination in \uppercase{A}labama",
        JOURNAL = "International Journal of American Linguistics",
        YEAR = "1988",
        VOLUME = "54",
        NUMBER = "4",
        PAGES = "399-415",
        MONTH = October,
        NOTE = "On subtractive morphs"
}

@PhdThesis{hayes:81,
  author = 	 {Bruce P. Hayes},
  title = 	 {A Metrical Theory of Stress Rules},
  school = 	 {MIT},
  year = 	 {1981},
  OPTannote = 	 {}
}

@Article{hayes+abad,
  author = 	"Bruce Hayes and May Abad",
  title = 	"Reduplication and Syllabification in \uppercase{I}lokano",
  journal = 	"Lingua",
  year = 	"1989",
  volume = 	"77",
  pages = 	"331--374",
  OPTnote = 	""
}

@Book{herskovits:book,
  author = 	"Annette Herskovits",
  title = 	"Language and Spatial Cognition: An Interdisciplinary
		 Study of the Prepositions in English",
  publisher = 	"Cambridge University Press",
  year = 	"1986",
  address = 	"Cambridge"
}

@Article{herskovits:cs,
  author = 	"Annette Herskovits",
  title = 	"Semantics and Pragmatics of Locative Expressions",
  journal = 	CogSci,
  year = 	"1985",
  volume = 	"9",
  pages = 	"341--378"
}

@Article{hetzron:chaha,
  author = 	"Robert Hetzron",
  title = 	"The {\it t}-Converb in \uppercase{W}estern
		 \uppercase{G}urage (the Role
		 of Analogy in Historical Morphology)",
  journal = 	"Afroasiatic Linguistics",
  year = 	"1975",
  volume = 	"2",
  pages = 	"39--49",
  OPTnote = 	""
}

@Article{hetzron:case,
  author = 	"Robert Hetzron",
  title = 	"Towards an {A}mharic Case Grammar",
  journal = 	"Studies in African Linguistics",
  year = 	"1970",
  volume = 	"1",
  pages = 	"301--354",
  OPTnote = 	""
}

@InCollection{hetzron+bender,
  author = 	"Robert Hetzron and Marvin L. Bender",
  title = 	"The Ethio-Semitic Languages",
  booktitle = 	"Language in \uppercase{E}thiopia",
  editor = 	"M. L. Bender and J. D. Bowen and R. L. Cooper and C.
		 A. Ferguson",
  pages = 	"23--33",
  publisher = 	"Oxford University Press",
  year = 	"1976",
  address = 	"London",
  OPTnote = 	""
}

@Article{hinkelman+allen,
  author = 	"Elizabeth A. Hinkelman and James F. Allen",
  title = 	"Two Constraints on Speech Act Ambiguity",
  journal = 	AMACL,
  year = 	"1989",
  volume = 	"27",
  pages = 	"212--219"
}

@Book{hogg+mccully,
  author = 	"Richard Hogg and C. B. McCully",
  title = 	"Metrical Phonology: A Coursebook",
  publisher = 	"Cambridge University Press",
  year = 	"1987",
  address = 	"Cambridge",
  OPTnote = 	""
}

@Book{hintonetal,
  editor =    {L. Hinton and J. Nichols and J. Ohala},
  title =        {Sound Symbolism},
  publisher =    {Cambridge University Press},
  year =         {1994},
  address =   {Cambridge},
  annote =    {}
}

@InCollection{hombert,
  author = 	"Jean-Marie Hombert",
  title = 	"Word Games: Some Implications for Analysis of Tone
		 and Other Phonological Constructs",
  booktitle = 	"Experimental Phonology",
  editor = 	"John J. Ohala and Jeri J. Jaeger",
  pages = 	"175--186",
  publisher = 	"Academic Press",
  year = 	"1986",
  address = 	"Orlando, FL",
  OPTnote = 	""
}

@Article{hovy:coherence,
  author = 	"Eduard H. Hovy",
  title = 	"Planning Coherent Multisentential Text",
  journal = 	AMACL,
  year = 	"1988",
  volume = 	"26",
  pages = 	"163--169"
}

@Article{hovy:twotypes,
  author = 	"Eduard H. Hovy",
  title = 	"Two Types of Planning in Language Generation",
  journal = 	AMACL,
  year = 	"1988",
  volume = 	"26",
  pages = 	"179--186"
}

@INCOLLECTION{howell+harvey,
        AUTHOR = "P. Howell and N. Harvey",
        TITLE = "Perceptual Equivalence and Motor Equivalence in
Speech",
        BOOKTITLE = "Language Production, Volume 2: Development,
        Writing, and Other Language Processes",
        PUBLISHER = "Academic Press",
        YEAR = "1983",
        EDITOR = "Brian Butterworth",
        PAGES = "203--224",
        ADDRESS = "London"
}
@Book{hutchins+somers,
  author = 	"W. John Hutchins and Harold L. Somers",
  title = 	"An Introduction to Machine Translation",
  publisher = 	"Academic Press",
  year = 	"1992",
  address = 	"London",
  OPTnote = 	""
}

@BOOK{ingram,
        AUTHOR = "David Ingram",
        TITLE = "First Language Acquisition: Method, Description, and
        Explanation",
        PUBLISHER = "Cambridge University Press",
        YEAR = "1989",
        ADDRESS = "Cambridge",
        NOTE = ""
}

@Book{jackendoff:83,
  author = 	"Ray Jackendoff",
  title = 	"Semantics and Cognition",
  publisher = 	"MIT Press",
  year = 	"1983",
  address = 	"Cambridge, MA"
}

@Book{jackendoff:92,
  author = 	 {Ray Jackendoff},
  title = 	 {Languages of the Mind},
  publisher = 	 {MIT Press},
  year = 	 {1992},
  address = 	 {Cambridge, MA},
  OPTannote = 	 {}
}

@InCollection{jackendoff:96,
  author = 	 "Ray Jackendoff",
  title = 	 "The Architecture of the Linguistic-Spatial Interface",
  booktitle = "Language and Space",
  publisher = "MIT Press",
  year = 	 "1996",
  editor = 	 "Paul Bloom and Mary A. Peterson and Lynn Nadel and
		  Merrill F. Garrett",
  pages = 	 "1--30",
  address = 	 "Cambridge, MA",
  annote = 	 "conceptual structure, modularity,
		  count-mass, interfaces, frames of reference"
}

@Book{johnson:87,
  author = 	 {Mark Johnson},
  title = 	 {The Body in the Mind: The Bodily Basis of Meaning,
                  Imagination, and Reason},
  publisher = 	 {Chicago University Press},
  year = 	 {1987},
  address = 	 {Chicago},
  OPTannote = 	 {}
}

@Article{johnson:chaha,
  author = 	"C. Douglas Johnson",
  title = 	"Phonological Channels in \uppercase{C}haha",
  journal = 	"Afroasiatic Linguistics",
  year = 	"1975",
  volume = 	"2",
  pages = 	"25--37",
  OPTnote = 	""
}

@Book{johnson:72,
  author = 	 {C.~Douglas Johnson},
  title = 	 {Formal Aspects of Phonological Description},
  publisher = 	 {Mouton},
  year = 	 {1972},
  address = 	 {The Hague},
  OPTnote = 	 {}
}

@Article{johnson-laird:words,
  author = 	"Philip N. Johnson-Laird",
  title = 	"The Mental Representation of the Meaning of Words",
  journal = 	"Cognition",
  year = 	"1987",
  volume = 	"25",
  pages = 	"189--211"
}

@Book{djones,
  author	= "Jones, Daniel",
  title		= "An Outline of \uppercase{E}nglish Phonetics",
  publisher	= "Cambridge University Press",
  year		= 1932,
  edition	= "3rd",
  note		= "1st edition published 1918"
}

@Book{kane:90,
  author = 	"Thomas L. Kane",
  title = 	"Amharic-{E}nglish Dictionary",
  publisher = 	"O. Harrassowitz",
  year = 	"1990",
  address = 	"Wiesbaden",
  OPTnote = 	""
}

@Book{kane:00,
  author = 	"Thomas L. Kane",
  title = 	"Tigrinya-{E}nglish Dictionary",
  publisher = 	"Dunwoody Press",
  year = 	"2000",
  address = 	"Springfield, VA, USA",
  OPTnote = 	""
}

@Article{kaplan+kay,
  author = 	 {Ronald M.~Kaplan and Martin Kay},
  title = 	 {Regular Models of Phonological Rule Systems},
  journal = 	 {Computational Linguistics},
  year = 	 {1994},
  volume = 	 {20},
  Tnumber = 	 {3},
  pages = 	 {331--378},
  OPTnote = 	 {}
}

@ARTICLE{karttunen:1983a,
        AUTHOR = "Lauri Karttunen",
        TITLE = "{KIMMO}: a general morphological processor",
        JOURNAL = "Texas Linguistic Forum",
        YEAR = "1983",
        VOLUME = "22",
        PAGES = "163-186",
        NOTE = ""
}

@ARTICLE{karttunen:1983b,
        AUTHOR = "Lauri Karttunen and K. Wittenburg",
        TITLE = "A two-level morphological analysis of \uppercase{E}nglish",
        JOURNAL = "Texas Linguistic Forum",
        YEAR = "1983",
        VOLUME = "22",
        PAGES = "217-228",
        NOTE = ""
}

@InProceedings{karttunenetal:92,
  author = 	 {Lauri Karttunen and Ronald M.~Kaplan and Annie Zaenen},
  title = 	 {Two-Level Morphology with Composition},
  booktitle = {Proceedings of the International Conference on
                  Computational Linguistics},
  pages = 	 {141--148},
  year = 	 {1992},
  volume = 	 {14},
  OPTnote = 	 {}
}

@InCollection{kay:85,
  author = 	 "Martin Kay",
  title = 	 "Parsing in Functional Unification Grammar",
  booktitle = "Natural Language Parsing",
  publisher = "Cambridge University Press",
  year = 	 "1985",
  editor = 	 "David R. Dowty and Lauri Kartunnen and Arnold M. Zwicky",
  pages = 	 "251--278",
  address = 	 "Cambridge",
  OPTannote = 	 ""
}

@article{kay+mcdaniel,
author =        "Paul Kay and Chad K. McDaniel",
title =         "The Linguistic Significance of the Meanings of Basic
		  Color Terms",
journal =       "Language",
volume =        54,
number =        3,
pages =         "610--646",
year =          1978
}

@BOOK{kaye:89,
        AUTHOR = "Jonathan Kaye",
        TITLE = "Phonology: a cognitive view",
        PUBLISHER = "Lawrence Erlbaum Associates",
        YEAR = "1989",
        ADDRESS = "Hillsdale, NJ"
}

@ARTICLE{kaye:90a,
        AUTHOR = "Jonathan Kaye",
        TITLE = "The strange vowel sets of \uppercase{C}harm theory: the
		 question from top to bottom",
        JOURNAL = "Journal of Linguistics",
        YEAR = "19990",
        NUMBER = "26",
        PAGES = "175-181"
}

@INCOLLECTION{keating:85,
        AUTHOR = "Patricia Keating",
        TITLE = "Universal phonetics and artificial grammars",
        BOOKTITLE = "Phonetic Linguistics: Essays in Honor of Peter Ladefoged",
        PUBLISHER = "Academic",
        YEAR = "1985",
        EDITOR = "Victoria Fromkin",
        PAGES = "115-132"
}

@Article{kelly:92,
  author = 	 {Michael H. Kelly},
  title = 	 {Using Sound to Solve Syntactic Problems: The Role of
                  Phonology in Grammatical Category Assignments},
  journal = 	 {Psychological Review},
  year = 	 {1992},
  pages = 	 {349--364},
  OPTannote = 	 {}
}

@InCollection{kelly+martin:94,
  author = 	 {Michael H. Kelly and Susanne Martin},
  title = 	 {Domain-General Abilities Applied to Domain-Specific
                  Tasks: Sensitivity to Probabilities in Perception,
                  Cognition, and Language},
  booktitle = 	 {The Acquisition of the Lexicon},
  publisher = {MIT Press},
  year = 	 {1994},
  editor = 	 {Lila Gleitman and Barbara Landau},
  pages = 	 {105--140},
  OPTannote = 	 {}
}

@BOOK{kenstowicz:79,
        AUTHOR = "Michael Kenstowicz and Charles Kisseberth",
        TITLE = "Generative Phonology",
        PUBLISHER = "Academic Press",
        YEAR = "1979",
        ADDRESS = "New York"
}

@ARTICLE{klatt:76a, 
        AUTHOR = "Dennis Klatt", 
        TITLE = "Linguistic Uses of Segmental Duration in \uppercase{E}nglish:
		 Acoustic and Perceptual Evidence",
        JOURNAL = JASA, 
        YEAR = "1976", 
        VOLUME = "59", 
        PAGES = "1208-21"
}

@Article{kiraz:00,
  author = 	 {George A.~Kiraz},
  title = 	 {Multitiered Nonlinear Morphology Using Multitape
                  Finite Automata: a Case Study on {S}yriac and {A}rabic},
  journal = 	 CL,
  year = 	 {2000},
  volume = 	 {26},
  number = 	 {1},
  pages = 	 {77--105},
  OPTnote = 	 {}
}

@TECHREPORT{koskenniemi:83,
        AUTHOR = "Kimmo Koskenniemi",
        TITLE = "Two-level morphology: a general computational model
		 for word-form recognition and production",
        INSTITUTION = "Department of General Linguistics, University
		 of Helsinki",
        YEAR = "1983",
        NUMBER = "Publication No. 11",
        NOTE = ""
}

@Book{krashen:89,
  author = 	"Stephen D. Krashen",
  title = 	"Language Acquisition and Language Education:
		 Extensions and Applications",
  publisher = 	"Prentice Hall International",
  year = 	"1989",
  address = 	"New York",
  OPTnote = 	""
}

@PhdThesis{kramer:diss,
  author = 	 {Ruth Kramer},
  title = 	 {Definite Markers, {P}hi Features, and Agreement: a
                  Morphosyntactic Investigation of the {A}mharic {DP}},
  school = 	 {University of California, Santa Cruz},
  year = 	 {2009},
  OPTnote = 	 {},
}

@BOOK{ladefoged:82,
        AUTHOR = "Peter Ladefoged",
        TITLE = "A Course in Phonetics",
        PUBLISHER = "Harcourt Brace Jovanovich",
        YEAR = "1982",
        ADDRESS = "New York",
        EDITION = "2"
}

@Book{lakoff+johnson,
  author = 	"George Lakoff and Mark Johnson",
  title = 	"Metaphors We Live By",
  publisher = 	"University of Chicago Press",
  year = 	"1980",
  address = 	"Chicago"
}

@INPROCEEDINGS{lakoff:89a,
        AUTHOR = "George Lakoff",
        TITLE = "Cognitive Phonology",
        BOOKTITLE = "Proceedings of the \uppercase{UC-B}erkeley Phonology
		 Workshop on Constraints vs Rules",
        YEAR = "1989",
        PUBLISHER = "University of Chicago Press"
}

@Book{lakoff:women,
  author = 	"George Lakoff",
  title = 	"Women, Fire, and Dangerous Things: What Categories
		 Reveal about the Mind",
  publisher = 	"Chicago University Press",
  year = 	"1987",
  address = 	"Chicago"
}

@Book{lakoff:97,
  author = 	"George Lakoff",
  title = 	"Moral Politics: How Liberals and Conservatives Think",
  publisher = 	"University of Chicago Press",
  year = 	"1997",
  address = 	"Chicago"
}

@BOOK{langacker:87,
        AUTHOR = "Ronald Langacker",
        TITLE = "Foundations of Cognitive Grammar",
        PUBLISHER = "Stanford University Press",
        YEAR = "1987",
        ADDRESS = "Stanford"
}

@Article{langacker:nouns,
  author = 	 "Ronald Langacker",
  title = 	 "Nouns and Verbs",
  journal = 	 "Language",
  year = 	 "1987",
  volume = 	 "63",
  pages = 	 "53--94",
  OPTannote = 	 ""
}

@BOOK{lehiste:70, 
        AUTHOR = "Ilse Lehiste", 
        TITLE = "Suprasegmentals", 
        PUBLISHER = "MIT Press", 
        YEAR = "1970",
        ADDRESS = "Cambridge, MA"
}

@Article{	  lehiste:77,
  author	= "Ilse Lehiste",
  title		= "Isochrony Reconsidered",
  journal	= "Journal of Phonetics",
  year		= 1977,
  volume	= 5,
  pages		= "253--263"
}

@Book{leslau:41,
  author = 	 {Wolf Leslau},
  title = 	 {Documents {T}igrigna: Grammaire et Textes},
  publisher = 	 {Libraire C. Klincksieck},
  year = 	 {1941},
  address = 	 {Paris}
}

@Book{leslau:95,
  author = 	 {Wolf Leslau},
  title = 	 {Reference Grammar of {A}mharic},
  publisher = 	 {Harrassowitz},
  year = 	 {1995},
  address = 	 {Wiesbaden, Germany},
}

@Article{levinson:94,
  author = 	 {Stephen C. Levinson},
  title = 	 {Vision, Shape, and Linguistic Description: {T}zeltal
                  Body-Part Terminology and Object Description},
  journal = 	 {Linguistics},
  year = 	 {1994},
  volume = 	 {32},
  pages = 	 {791--855},
  annote = 	 {metaphor, Marr, Mayan languages, modularity,
                  bottom-up and top-down processing}
}

@InCollection{levinson:96b,
  author = 	 "Stephen C. Levinson",
  title = 	 "Relativity in Spatial Conception and Description",
  booktitle = "Rethinking Linguistic Relativity",
  publisher = "Cambridge University Press",
  year = 	 "1996",
  editor = 	 "John J. Gumperz and Stephen C. Levinson",
  pages = 	 "177--202",
  address = 	 "Cambridge",
  annote = 	 "universals, egocentricity, frames of reference,
		  Tzeltal, Mayan languages, figure-ground, geometry,
                  mirror image, body parts" 
}

@InCollection{levinson:96a,
  author = 	 "Stephen C. Levinson",
  title = 	 "Frames of Reference and \uppercase{M}olyneux's
		  Question: Crosslinguistic Evidence",
  booktitle = "Language and Space",
  publisher = "MIT Press",
  year = 	 "1996",
  editor = 	 "Paul Bloom and Mary A. Peterson and Lynn Nadel and
		  Merrill F. Garrett",
  pages = 	 "109--169",
  address = 	 "Cambridge, MA",
  annote = 	 "relativism, Tzeltal, Dutch, inference, memory,
		  space, left-right, front-back, gesture, modalities,
		  absolute frame of reference "
}

@InCollection{levinson:96,
  author = 	 {Stephen C. Levinson},
  title = 	 {Relativity in Spatial Conception and Description},
  booktitle = 	 {Rethinking Linguistic Relativity},
  publisher = {Cambridge University Press},
  year = 	 {1996},
  editor = 	 {John J. Gumperz and Stephen C. Levinson},
  pages = 	 {177--202},
  OPTannote = 	 {}
}

@ARTICLE{levinson+liberman,
        AUTHOR = "Stephen Levinson and Mark Liberman",
        TITLE = "Speech Recognition by Computer",
        JOURNAL = "Scientific American"
}

@ARTICLE{levinson:86, 
        AUTHOR = "Steven E. Levinson", 
        TITLE ="Continuously Variable Duration Hidden
		\uppercase{M}arkov Models for Speech Recognition", 
        JOURNAL = "Computer Speech and Language", 
        YEAR = "1986", 
        VOLUME = "1", 
        NUMBER = "1", 
        PAGES = "29-46"
}

@InCollection{lindblom:83,
  author = 	 "Br\u{o}rn Lindblom",
  title = 	 "Economy of Speech Gestures",
  booktitle = "The Production of Speech",
  publisher = "Springer-Verlag",
  year = 	 "1983",
  editor = 	 "Peter F. MacNeilage",
  chapter = 	 "10",
  pages = 	 "217--245",
  address = 	 "New York",
  OPTannote = 	 ""
}

@Book{lucy:92,
  author = 	 "John A. Lucy",
  title = 	 "Grammatical Categories and Cognition: a Case Study
		  of the Linguistic Relativity Hypothesis",
  publisher = 	 "Cambridge University Press",
  year = 	 "1992",
  address = 	 "Cambridge",
  annote = 	 "Whorf"
}

@InCollection{lucy:96,
  author = 	 "John A. Lucy",
  title = 	 "The Scope of Linguistic Relativity: an Analysis and
		  Review of Empirical Research",
  booktitle = "Rethinking Linguistic Relativity",
  publisher = "Cambridge University Press",
  year = 	 "1996",
  editor = 	 "John J. Gumperz and Stephen C. Levinson",
  pages = 	 "37--69",
  address = 	 "Cambridge",
  annote = 	 "Whorf"
}

@Book{mccarthy:82,
  author = 	"John J. McCarthy",
  title = 	"Formal Problems in \uppercase{S}emitic Phonology and
		 Morphology",
  publisher = 	"Garland",
  year = 	"1982",
  address = 	"New York",
  OPTnote = 	"MIT PhD Dissertation, 1979"
}

@ARTICLE{mccarthy:86,
        AUTHOR = "John J. McCarthy",
        TITLE = "{OCP} effects: gemination and antigemination",
        JOURNAL = "Linguistic Inquiry",
        YEAR = "1986",
        VOLUME = "17",
        NUMBER = "2",
        PAGES = "207--263"
}

@Article{mccarthy:chaha,
  author = 	"John J. McCarthy",
  title = 	"Lexical Phonology and Nonconcatenative Morphology in
		the History of \uppercase{C}haha",
  journal = 	"Revue Qu\'{e}b\'{e}coise de Linguistique",
  year = 	"1986",
  pages = 	"209--228",
  volume =      "16"
}

@Article{mcshane+nirenburg,
  author = 	 {Marjorie Mc{S}hane and Sergei Nirenburg and James Cowie and Ron Zacharski},
  title = 	 {Embedding Knowledge Elicition and {MT} Systems within a Single Architecture},
  journal = 	 {Machine Translation},
  year = 	 {2002},
  volume = 	 {17},
  pages = 	 {271--305},
  annote = 	 {}
}

@Article{marantz,
  author = 	"Alec Marantz",
  title = 	"Re Reduplication",
  journal = 	"Linguistic Inquiry",
  year = 	"1982",
  volume = 	"13",
  pages = 	"435--482",
  OPTnote = 	""
}

@BOOK{marcus:80a, 
        AUTHOR = "Mitchell Marcus", 
        TITLE = "A Theory of Syntactic Recognition for Natural Language", 
        PUBLISHER = "MIT PRESS", 
        YEAR = "1980", 
        ADDRESS = "Cambridge, Massachusetts"
}

@InProceedings{martin:koasati,
  author = 	"J. Martin",
  title = 	"Subtractive Morphology as Dissociation",
  booktitle = 	"Proceedings of the Seventh West Coast Conference of
		 Formal Linguistics",
  year = 	"1988",
  pages = 	"",
  publisher = 	"Stanford Linguistics Association",
  address = 	"Stanford, CA",
  OPTnote = 	""
}

@Article{	  martin:72,
  author	= "James G. Martin",
  title		= "Rhythmic (hierarchical) versus serial structure in speech
		  and other behavior",
  journal	= "Psychological Review",
  year		= 1972,
  volume	= 79,
  number	= 6,
  pages		= "487--509"
}

@InCollection{martin:acquisition,
  author = 	"James H. Martin",
  title = 	"Representing and Acquiring Metaphor-Based Polysemy",
  booktitle = 	"Lexical Acquisition: Using On-Line Resources to Build
		 a Lexicon",
  publisher = 	"Lawrence Erlbaum",
  year = 	"1991",
  editor = 	"Uri Zernik",
  pages = 	"361--387",
  address = 	"Hillsdale, NJ"
}

@Article{mcshane,
  author = 	"J. McShane",
  title = 	"The Development of Naming",
  journal = 	"Linguistics",
  year = 	"1979",
  volume = 	"17",
  pages = 	"879--905",
  OPTnote = 	""
}

@Article{mayoretal:11,
  author = 	 {A. Mayor and I. Alegria and A. D\'{i}az de Ilarraza
                  and G. Labaka and M. Lersundi and K. Sarasola},
  title = 	 {Matxin, an Open-Source Rule-Based Machine
                  Translation System for {B}asque},
  journal = 	 {Machine Translation},
  year = 	 {2011},
  volume = 	 {25},
  pages = 	 {53--82},
  OPTannote = 	 {}
}

@InCollection{melcuk+zholkovsky,
  author = 	"Igor Mel'\v{c}uk and Alexander Zholkovsky",
  title = 	"The Explanatory Combinatorial Dictionary",
  booktitle = 	"Relational Models of the Lexicon: Representing
		 Knowledge in Semantic Networks",
  publisher = 	"Cambridge University Press",
  year = 	"1988",
  editor = 	"Martha W. Evens",
  pages = 	"41--74",
  OPTaddress = 	"Cambridge"
}

@Article{melcuk+wanner:06,
  author = 	 {Igor Mel'\v{c}uk and Leo Wanner},
  title = 	 {Syntactic Mismatches in Machine Translation},
  journal = 	 {Machine Translation},
  year = 	 {2006},
  volume = 	 {20},
  number = 	 {2},
  pages = 	 {81--138},
  annote = 	 {}
}

@InProceedings{mohrietal:00,
  author = 	 {Mehryar Mohri and Fernando Pereira and Michael Riley},
  title = 	 {Weighted Finite-State Transducers in Speech Recognition},
  booktitle = {Proceedings of ISCA ITRW on Automatic Speech Recognition:
                  Challenges for the Millenium},
  pages = 	 {97--106},
  year = 	 {2000},
  address = 	 {Paris},
  OPTnote = 	 {},
}

@Article{jmoore+paris,
  author = 	"Johanna D. Moore and C{\'{e}}cile L. Paris",
  title = 	"Planning Text for Advisory Dialogues",
  journal = 	AMACL,
  year = 	"1989",
  volume = 	"27",
  pages = 	"203--211"
}

@Article{rmoore,
  author = 	"Robert C. Moore",
  title = 	"Unification-Based Semantic Interpretation",
  journal = 	AMACL,
  year = 	"1989",
  volume = 	"27",
  pages = 	"33--41"
}

@InCollection{moravcsik,
  author = 	"Edith A. Moravcsik",
  title = 	"Reduplicative Constructions",
  booktitle = 	"Universals of Human Language.  Volume 3: Word Structure",
  editor = 	"Joseph H. Greenberg and Charles A. Ferguson and Edith
		 A. Moravcsik",
  publisher = 	"Stanford University Press",
  year = 	"1978",
  address = 	"Stanford",
  pages = 	"297--334"
}

@Article{mtenje:87,
  author = 	"A. Mtenje",
  title = 	"Tone Shift Principles in the \uppercase{Chiche{\^{w}}a}
		 Verb: A Case for a Tone Lexicon",
  journal = 	"Lingua",
  year = 	"1987",
  volume = 	"72",
  pages = 	"169--209",
  OPTnote = 	""
}

@BOOK{newell:72,
        AUTHOR = "Newell, Allen and Herbert Simon",
        TITLE = "Human Problem Solving",
        PUBLISHER = "Prentice-Hall",
	ADDRESS = "Englewood Cliffs, NJ",
        YEAR = "1972"
}

@ARTICLE{newell:75,
        AUTHOR = "Allen Newell and Herbert Simon",
        TITLE = "Computer Science and Empirical Inquiry",
        JOURNAL = "Communications of the \uppercase{ACM}",
        YEAR = "1975",
        PAGES = "113-126"
}

@PhdThesis{oda,
  author =       {Hiromi Oda},
  title =        {An Embodied Semantic Mechanism for Mimetic Words in Japanese},
  school =       {Indiana University},
  year =         {2000},
  address =   {Bloomington, IN},
  annote =    {}
}

@Misc{oda+gasser,
  author =    {Hiromi Oda and Michael Gasser},
  title =     {\uppercase{G}esture \uppercase{L}anguage
                  \uppercase{G}ame --- simulating the emergence of 
                  linguistic signs},
  howpublished = {Paper presented at the 8th International Cognitive
                  Linguistics Conference, Logro\~{n}o, Spain},
  year =      {2003},
  annote =    {}
}

@TechReport{odeh,
  author = 	 {Marwan Odeh},
  title = 	 {Topologische Dependenzgrammatik f{\"u}rs Arabische},
  institution =  {Saarland University},
  note =         {Forschungspraktikum},
  year = 	 2004
}

@Article{osborneetal12,
  author = 	 {Osborne, T. and Putnam, M. and Gro{\ss}, T.},
  title = 	 {Catenae: Introducing a novel unit of syntactic analysis},
  journal = 	 {Syntax},
  year = 	 {2012},
  volume = 	 {15},
  number =       {4},
  pages = 	 {354--396},
  annote = 	 {}
}

@Article{osborne+gross:2012,
  author = 	 {Osborne, T. and Gro{\ss}, T.},
  title = 	 {Constructions are catenae: Construction Grammar meets Dependency Grammar},
  journal = 	 {Cognitive Linguistics},
  year = 	 {2012},
  volume = 	 {23},
  number = 	 {1},
  pages = 	 {163--214},
  annote = 	 {}
}

@InCollection{paolillo,
  author = 	 {John Paolillo},
  title = 	 {Language Diversity on the Internet: Examining
                  Linguistic Bias},
  booktitle = 	 {Measuring Linguistic Diversity on the Internet},
  publisher = 	 {UIS},
  year = 	 {2005},
  editor = 	 {{UNESCO Institute for Statistics}},
  address = 	 {Montreal, Quebec, Canada},
  OPTannote = 	 {}
}

@Book{peirce,
  author =    {C. S. Peirce},
  title =        {The Essential Peirce: Selected Philosophical Writings: Volume 2},
  publisher =    {Indiana University Press},
  year =         {1998},
  address =   {Bloomington, IN},
  annote =    {}
}

@InProceedings{pelizzoni+nunes,
  author = 	 {Jorge Marques Pelizzoni and Nunes, Maria das Gra\c{c}as Volpe},
  title = 	 {N:M Mapping in {XDG} --- The Case for Upgrading Groups},
  booktitle = {Proceedings of the Workshop on Constraint Solving and Language Processing},
  year = 	 {2005},
  address =      {Roskilde, Denmark},
  annote = 	 {}
}

@InCollection{petitot:95,
  author = 	 {Jean Petitot},
  title = 	 {Morphodynamics and Attractor Syntax: Constituency in
                  Visual Perception and Cognitive Grammar},
  booktitle = 	 {Mind as Motion},
  publisher = {MIT Press},
  year = 	 {1995},
  editor = 	 {Port, Robert F. and van Gelder, Timothy},
  address = 	 {Cambridge, MA},
  pages = 	 {227--281},
  OPTannote = 	 {}
}

@Book{pinker:94,
  author = 	 {Steven Pinker},
  title = 	 {The Language Instinct: How the Mind Creates Language},
  publisher = 	 {W. Morrow},
  year = 	 {1994},
  address = 	 {New York},
  OPTannote = 	 {}
}

@INCOLLECTION{port:86a, 
        AUTHOR = "Robert Port", 
        EDITOR = "J. Perkell and D. Klatt", 
        TITLE = "Invariance in phonetics",
        BOOKTITLE = "Invariance and Variability in Speech Processes",
        PUBLISHER = "Erlbaum Associates", 
        YEAR = "1986", 
        ADDRESS = "Hillsdale, New Jersey"
}

@InCollection{port+cummins+gasser,
  author =       {Robert Port and Fred Cummins and Michael Gasser},
  title =        {A Dynamic Approach to Rhythm in Language: Toward a
                  Temporal Phonology},
  booktitle =    {Proceedings of the Chicago Linguistics Society},
  publisher =    {Department of Linguistics, University of Chicago},
  year =         1996,
  editor =       {B. Luka and B. Need},
  pages =        {375--397}
}

@Unpublished{port:98,
  author = 	 {Robert F. Port},
  title = 	 {The Dynamical Approach to Cognition: Inferences from
Language},
  note = 	 {Available on the World Wide Web at
http://www./cs.indiana.edu/\~port/pap/brazil/text.html},
  year = 	 {1998},
  OPTannote = 	 {}
}

@Article{port+dalby+odell,
  author = 	 {R. Port and J. Dalby and M. O'Dell},
  title = 	 {Evidence for Mora Timing in Japanese},
  journal = 	 {Journal of the Acoustical Society of America},
  year = 	 {1987},
  volume = 	 {81},
  pages = 	 {1574--1585},
  OPTannote = 	 {}
}

@Article{pullum:82,
  author = 	"G. Pullum",
  title = 	"Letter",
  journal = 	"Linguistics",
  year = 	"1982",
  volume = 	"20",
  pages = 	"339--344",
  OPTnote = 	""
}

@ARTICLE{rabiner:86,
        AUTHOR = "L.R. Rabiner and B.H. Huang",
        TITLE = "An Introduction to Hidden Markov Models",
        JOURNAL = "IEEE ASSP Magazine",
        YEAR = "1986",
        PAGES = "4-16",
        MONTH = January
}

@InProceedings{rantaetal:10,
  author = 	 {Aarne Ranta and Krasimir Angelov and Thomas Hallgren},
  title = 	 {Tools for Multilingual Grammar-Based Translation on the Web},
  booktitle = {Proceedings of the Association for Computational Linguistics System Demonstrations},
  pages = 	 {},
  year = 	 {2010},
  address = 	 {Beijing},
  annote = 	 {}
}

@Book{ravin,
  author = 	"Yael Ravin",
  title = 	"Lexical Semantics Without Thematic Roles",
  publisher = 	"Oxford University Press",
  year = 	"1990",
  address = 	"Oxford"
}

@BOOK{rich,
        AUTHOR = "Elain Rich",
        TITLE = "Artificial Intelligence",
        PUBLISHER = "McGraw-Hill",
        YEAR = "1983",
        ADDRESS = "New York"
}

@Book{ritchie92,
  author = 	"Graeme D. Ritchie and Graham J. Russell and Alan W.
		 Black and Stephen G. Pulman",
  title = 	"Computational Morphology: Practical Mechanisms for
		 the \uppercase{E}nglish Lexicon",
  publisher = 	"MIT Press",
  year = 	"1992",
  address = 	"Cambridge, MA",
  OPTnote = 	""
}

@ARTICLE{rubin:81,
        AUTHOR = "Philip E. Rubin and Thomas Baer and Paul Mermelstein", 
        TITLE = "An articulatory synthesizer for perceptual research", 
        JOURNAL = JASA, 
        YEAR = "1981", 
        VOLUME = "70",
        PAGES = "321-328"
}

@Article{saba+girma,
  author = 	 {Saba Amsalu and Girma A.~Demeke},
  title = 	 {Non-concatenative Finite-state Morphotactics of {A}mharic Simple Verbs},
  journal = 	 {ELRC Working Papers},
  year = 	 {2006},
  OPTkey = 	 {},
  volume = 	 {2},
  number = 	 {3},
  OPTpages = 	 {},
  OPTmonth = 	 {},
  OPTnote = 	 {},
  OPTannote = 	 {}
}

@PHDTHESIS{sagey:86a, 
        AUTHOR = "Elizabeth Sagey", 
        TITLE = "The representation of features and relations in
		 non-linear phonology",
        SCHOOL = "Massachussetts Institute of Technology",
        YEAR = "1986"
}

@UNPUBLISHED{saito:81,
        AUTHOR = "M. Saito",
        TITLE = "A Preliminary Account of \uppercase{R}otuman Vowel System",
        NOTE = "ms",
        YEAR = "1981"
}

@InProceedings{sampson,
  author = 	"G. R. Sampson",
  title = 	"A Stochastic Approach to Parsing",
  booktitle = 	"Proceedings of the 11th International Conference on
		 Computational Linguistics",
  year = 	"1986",
  pages = 	"151--155",
  OPTnote = 	""
}

@Unpublished{hsato,
  author = 	 {Hirokazu Sato},
  title = 	 {Bimoraic Rhythm and Accentuation in \uppercase{J}apanese},
  year = 	 {},
  OPTannote = 	 {}
}

@InCollection{schachter,
  author = 	 {Paul Schachter},
  title = 	 {Parts-of-speech Systems},
  booktitle = 	 {Language Typology and Syntactic Description, Vol. 1:
                  Clause Structure},
  publisher = {Cambridge University Press},
  year = 	 {1985},
  editor = 	 {Timothy Shopen},
  address = 	 {Cambridge},
  pages = 	 {3--61},
  OPTannote = 	 {}
}

@Book{saussure,
  author =    {Ferdinand de Saussure},
  editor =    {C. Bally and A. Sechehaye and A. Reidlinger},
  title =        {Course in General Linguistics},
  publisher =    {G. Duckworth},
  year =         {1983},
  address =   {London},
  annote =    {}
}

@Article{schuetze:98,
  author = 	"Hinrich Sch{\"{u}}tze",
  title = 	"Automatic Word-Sense Discrimination",
  journal = CL,
  year = 	"1998",
  volume = 	"24",
  pages = 	"97--124"
}

@PhdThesis{scott:phd,
  author = 	 {Sophie K. Scott},
  title = 	 {P-centers in Speech: An Acoustic Analysis},
  school = 	 {University College London},
  year = 	 {1993},
  OPTannote = 	 {}
}

@InCollection{selkirk:82,
  author = 	"Elisabeth O. Selkirk",
  title = 	"The Syllable",
  booktitle = 	"The Structure of Phonological Representations, Part II",
  editor = 	"Harry van der Hulst and Norval Smith",
  pages = 	"",
  publisher = 	"Foris",
  year = 	"1982",
  address = 	"Dordrecht",
  OPTnote = 	""
}

@InBook{shillcock:90,
  author = 	"Richard Shillcock",
  title = 	"Lexical Hypotheses in Continuous Speech",
  booktitle = 	"Cognitive Models of Speech Processing:
		 Psycholinguistic and Computational Perspectives",
  editor = 	"Gerry T. M. Altmann",
  pages = 	"24--49",
  publisher = 	"MIT Press",
  year = 	"1990",
  address = 	"Cambridge, MA",
  OPTnote = 	""
}

@Article{siskind,
  author = 	"Jeffrey Mark Siskind",
  title = 	"Acquiring Core Meanings of Words, Represented as
		 Jackendoff-Style Conceptual Structures, from
		 Correlated Streams of Linguistic and Non-Linguistic Input",
  journal = 	AMACL,
  year = 	"1990",
  volume = 	"28",
  pages = 	"143--156"
}

@InCollection{sowa:lexicon,
  author = 	"John F. Sowa",
  title = 	"Using a Lexicon of Canonical Graphs in a Semantic
		 Interpreter",
  booktitle = 	"Relational Models of the Lexicon: Representing
		 Knowledge in Semantic Networks",
  publisher = 	"Cambridge University Press",
  year = 	"1988",
  editor = 	"Martha W. Evens",
  pages = 	"113--137",
  OPTaddress = 	"Cambridge"
}

@Book{spencer:91,
  author = 	"Andrew Spencer",
  title = 	"Morphological Theory",
  publisher = 	"Basil Blackwell",
  year = 	"1991",
  address = 	"Oxford",
  OPTnote = 	""
}

@Book{sproat,
  author = 	"Richard Sproat",
  title = 	"Morphology and Computation",
  publisher = 	"MIT Press",
  year = 	"1992",
  address = 	"Cambridge, MA",
  OPTnote = 	""
}

@Article{steriade,
  author = 	"Donca Steriade",
  title = 	"Reduplication and Syllable Transfer in
	\uppercase{S}anskrit and Elsewhere",
  journal = 	"Phonology",
  year = 	"1988",
  volume = 	"5",
  pages = 	"73--155"
}

@Book{steels,
  editor = 	 {Luc Steels},
  title = 	 {Design Patterns in {Fluid Construction Grammar}},
  publisher = 	 {John Benjamins},
  year = 	 {2011},
  address = 	 {Amsterdam},
  annote = 	 {}
}

@InCollection{vansanten:96,
author = "J. {van Santen}",
title = "Segmental Duration and Speech Timing",
editor = "Y. Sagisaka and W. N. Campbell and N. Higuchi",
booktitle = "Computing Prosody",
address = {New York},
publisher = {Springer Verlag},
year = "1996"
}

@PhdThesis{tajima:diss,
  author = 	 {Keiichi Tajima},
  title = 	 {Speech Rhythm in \uppercase{E}nglish and
                  \uppercase{J}apanese: Experiments in Speech Cycling}, 
  school = 	 {Indiana University},
  year = 	 {1998},
  address = 	 {Bloomington, IN},
  OPTannote = 	 {}
}

@Article{webber:deixis,
  author = 	"Bonnie Lynn Webber",
  title = 	"Discourse Deixis: Reference to Discourse Segments",
  journal = 	AMACL,
  year = 	"1988",
  volume = 	"26",
  pages = 	"113--122"
}

@InProceedings{wang+harper,
  author = 	 {Wen Wang and Mary Harper},
  title = 	 {A Statistical Constraint Dependency Grammar ({CDG}) Parser},
  year = 	 {2004},
  booktitle =    {Proceedings of ACL04 Incremental Parsing Workshop},
  address = 	 {Barcelona, Spain},
  annote = 	 {}
}

@Book{tamene,
  author = 	 {Tamene Bitima},
  title = 	 {A dictionary of {O}romo technical terms},
  publisher = 	 {R\"{u}diger K\"{o}pper Verlag},
  year = 	 {2000},
  address = 	 {K\"{o}ln},
  annote = 	 {}
}

@InCollection{tajima+port,
  author = 	 {Keiichi Tajima and Robert F. Port},
  title = 	 {Speech Rhythm in English and Japanese},
  booktitle = 	 {Papers in Laboratory Phonology {VI}},
  OPTpages = 	 {},
  publisher = {Cambridge University Press},
  year = 	 {1999},
  editor = 	 {John Local},
  address = 	 {Cambridge},
  OPTannote = 	 {}
}

@Book{taub,
  author =    {S. F. Taub},
  title =        {Language from the Body: Iconicity and Metaphor in
                  \uppercase{A}merican \uppercase{S}ign \uppercase{L}anguage},
  publisher =    {Cambridge University Press},
  year =         {2001},
  address =   {Cambridge},
  annote =    {}
}

@Article{webster+marcus,
  author = 	"Mort Webster and Mitch Marcus",
  title = 	"Automatic Acquisition of the Lexical Semantics of
		 Verbs from Sentence Frames",
  journal = 	AMACL,
  year = 	"1989",
  volume = 	"27",
  pages = 	"177--184",
  OPTnumber = 	"",
  OPTmonth = 	"",
  OPTnote = 	""
}

@Book{whorf,
  author = 	 "Benjamin Lee Whorf",
  title = 	 "Language, Thought and Reality: Selected Writings of
		  \uppercase{B}enjamin \uppercase{L}ee \uppercase{W}horf",
  publisher = 	 "MIT Press",
  year = 	 "1956",
  editor = 	 "J. B. Carroll",
  address = 	 "Cambridge, MA",
  annote = 	 "relativity"
}

@Book{wierzbicka:speech-acts,
  author = 	"Anna Wierzbicka",
  title = 	"English Speech Act Verbs: A Semantic Dictionary",
  publisher = 	"Academic Press",
  year = 	"1987",
  address = 	"Sydney"
}

@BOOK{winograd:86a,
        AUTHOR = "Terry Winograd and Fernando Flores",
        TITLE = "Understanding Computers And Cognition",
        PUBLISHER = "Ablex",
        YEAR = "1986",
        ADDRESS = "Norwood, NH"
}

@CONFERENCE{zernik:89,
        AUTHOR = "Uri Zernik",
        TITLE = "Lexicon Acquisition: Learning from Corpus by
		 Capitalizing on Lexical Categories",
        BOOKTITLE = "1989 AAAI",
        YEAR = "1989",
        PAGES = "1556-1562"
}

